3470 4568
274 269 1620 517 -FRANCISCUS
1763 253 2825 452 miss-Eum

788 580 1538 692 ERUDITO
1652 577 2401 668 LEcToRl

1341 793 1421 879 S.
1535 793 1629 878 P.
1741 792 1849 880 D.

355 1090 471 1122 ..-.--
571 1083 640 1112 ,ι
742 1091 889 1126 1
1003 1035 1059 1119 ‘³'
1147 1010 1494 1092 Uantum
1530 1003 1889 1091 vetustati
1941 1004 2232 1089 licuerit
2270 1003 2354 1086 in'
2379 1013 2688 1114 antiqua
2748 1036 2918 1088 mo-

369 1117 404 1132 ,.
435 1118 496 1165 “
597 1175 628 1194 2
661 1157 692 1169 κ
833 1131 839 1145 “
1015 1131 1056 1236 j
1151 1131 1513 1206 numenta
1550 1119 1955 1213 hominum
2013 1118 2611 1232 ingeniosorum,
2686 1127 2921 1202 nemi-

547 1225 620 1288 i>
675 1239 706 1330 “,
815 1235 826 1300 3
942 1211 1078 1247 '⁷
1156 1232 1704 1344 nempaullum
1728 1228 1964 1312 modo
1987 1228 2510 1315 humaniorem
2532 1230 2747 1344 fugit.
2808 1239 2926 1313 In-

1017 1341 1086 1448 Ῐῑ
1156 1370 1271 1427 ter
1325 1344 1762 1457 scriptores,
1837 1342 2113 1453 quibus
2147 1343 2375 1427 hodie
2413 1352 2602 1428 totis
2637 1371 2922 1426 carere-

957 1495 1088 1532 κω
1158 1483 1336 1540 mus
1379 1522 1400 1553 ,
1474 1455 1610 1539 nifi
1643 1464 1890 1540 aureis
1928 1452 2149 1538 distis
2201 1456 2500 1538 illorum
2562 1480 2925 1563 tanquam

887 1542 1090 1684 552?
1155 1568 1731 1654 emblematibus
1766 1568 2270 1652 vermiculatis
2288 1569 2412 1650 alii
2431 1563 2926 1655 distinxiffent

817 1688 841 1701 ⁶
951 1679 959 1685 ’
1063 1677 1066 1680 ’
1157 1680 1595 1793 ορεταίυα,
1675 1687 1952 1792 primas
1989 1676 2141 1763 fine
2178 1675 2679 1762 controversia
2703 1701 2928 1760 tenet

397 1880 423 1888 ..
522 1860 535 1893 -ζ
1161 1796 1277 1900 Q
1332 1800 1711 1879 Enmus
1759 1828 1780 1888 ;
1859 1798 2074 1895 cujus
2128 1789 2644 1904 pretiofiffima
2705 1795 2927 1904 Frag-

271 1904 539 1988 me‘n‘ta
572 1931 975 2018 congerere
1015 1914 1092 1988 in
1136 1933 1384 1988 unum
1441 1904 1695 1987 locum
1752 1911 2472 2014 commentat-iisque
2524 1902 2930 1986 dilucidare

271 2026 394 2101 vir
429 2015 789 2099 natalium
824 2016 1215 2129 splendore
1264 2044 1626 2129 perquam
1664 2013 1961 2097 illustris
2001 2015 2508 2123 Hierorgymm
2566 2016 2931 2098 Columna

278 2134 695 2240 praecipue
724 2154 1042 2213 conatus
1076 2129 1205 2214 est.
1322 2137 1687 2243 Egregius
1724 2127 1859 2210 iste
1893 2124 2101 2209 labor
2144 2137 2215 2209 in
2253 2137 2635 2239 optimum
2695 2153 2928 2235 atque

278 2238 876 2351 antiquiffimum
932 2250 1246 2355 poetam
1310 2239 1492 2324 olim
1551 2238 1923 2324 insumtus
1978 2267 2216 2348 quum
2263 2246 2424 2343 jam
2481 2247 2556 2331 in
2613 2269 2707 2324 eo
2747 2236 2931 2323 effet

265 2350 563 2444 ferme,
638 2377 725 2437 ut
780 2354 1248 2437 intercideret
1278 2405 1301 2438 ,
1382 2358 1758 2436 Henricus
1810 2351 2265 2435 Wetstenius
2351 2351 2931 2464 bibliopolarum

280 2474 633 2577 optimus
670 2491 971 2550 tantum
1010 2466 1217 2550 nefas
1255 2463 1505 2549 videre
1543 2493 1698 2548 non
1735 2470 2015 2575 potuit.
2132 2463 2346 2572 Quid
2389 2472 2409 2545 i
2469 2473 2614 2547 itur
2669 2474 2934 2547 iterata

282 2577 431 2661 hac
461 2577 797 2692 editione
827 2578 921 2662 ab
957 2579 1087 2662 illo
1127 2579 1199 2660 &
1241 2607 1362 2662 me
1398 2585 1649 2692 operis
1685 2584 2046 2691 participe
2087 2574 2177 2659 fit
2215 2494 2651 2692 praesffitum
2676 2640 2694 2671 ‚
2774 2605 2935 2659 eru-

286 2689 453 2774 dite
491 2689 773 2800 Lestor
792 2757 813 2788 ,
873 2701 1129 2804 paucis
1169 2690 1387 2776 dabo.

415 2805 966 2906 Commentarii
986 2804 1451 2900 Columnae,
1510 2813 1644 2917 qui
1681 2804 1787 2889 sm
1841 2803 2010 2886 ulos
2033 2809 2248 2885 Ennii
2287 2802 2517 2886 libros
2551 2803 2934 2914 subseque-

280 2914 605 3012 bantur,
667 2927 1056 3001 contextui
1094 2916 1398 3024 subjeffi
1434 2916 1624 3002 sunt.
1747 2833 2131 2999 &umeros
2164 2922 2495 3027 capitum
2536 2916 2611 2997 ἃ
2648 2943 2891 3000 cetera
2918 2983 2937 3013 ,

288 3055 495 3136 quae
536 3038 849 3142 margini
885 3028 1090 3112 haud
1125 3030 1301 3112 satis
1335 3029 1746 3113 commode
1782 3026 2265 3111 obhaeserant
2288 3096 2306 3124 ‚
2369 3036 2445 3110 in
2476 3041 2943 3112 commenta·

282 3149 454 3223 rios
503 3149 771 3251 recepi.
902 3140 1305 3252 Qidquid
1359 3140 1471 3225 est
1533 3147 1647 3224 M.
1698 3147 2015 3226 Antonii
2071 3142 2308 3224 Delrii
2362 3148 2936 3254 opinationum,

287 3279 435 3334 nec
468 3278 626 3333 non
666 3256 769 3333 G.
810 3260 879 3354 J.
910 3253 1156 3336 Voffii
1191 3252 1766 3368 castigationum
1791 3255 1867 3335 &
1902 3279 2254 3337 notarum
2280 3320 2299 3351 ‚
2359 3260 2437 3336 in
2472 3278 2817 3336 extremo
2852 3253 2945 3334 li-

285 3363 407 3446 bri
445 3360 678 3447 habes
714 3363 810 3446 ad
848 3374 1158 3478 po‘e'tam
1198 3393 1364 3449 mea
1397 3396 1574 3450 cura
1607 3363 2296 3451 accommodatum.
2369 3364 2551 3448 Illuc
2580 3363 2948 3448 accedunt

294 3472 711 3558 doctorum
751 3485 1083 3562 virorum
1118 3478 1662 3575 correffiones,
1720 3507 1918 3590 quae
1969 3476 2172 3589 apud
2212 3485 2471 3562 Ennii,
2529 3504 2947 3588 eorumque

290 3586 699 3671 auctorum
742 3655 763 3685 ,
843 3589 1045 3675 unde
1099 3599 1431 3676 Enniana
1468 3589 1782 3675 collecta
1828 3589 2040 3687 sunt,
2133 3599 2575 3700 interpretes
2630 3619 2782 3673 non
2840 3597 2948 3670 ira

285 3725 516 3783 erant
567 3699 858 3788 obviae.
916 3702 1552 3799 EmendationeS,
1611 3730 1802 3816 quas
1854 3702 2098 3786 nescio
2136 3712 2308 3813 quis
2348 3700 2587 3785 homo
2608 3701 2951 3785 eruditus

288 3811 781 3897 collectaneis
834 3841 1177 3900 veterum
1216 3818 1716 3930 Tragicorum
1771 3847 1816 3898 a
1870 3820 2098 3898 Petro
2157 3822 2520 3908 §criverio
2579 3824 2654 3896 in
2707 3815 2951 3894 lucem

285 3921 527 4007 editis
562 3922 694 4008 sua
731 3954 955 4011 manu
991 3927 1345 4022 allevet-at
1368 3997 1388 4028 ,
1409 3952 1756 4044 acceptas
1792 3925 1998 4010 refer.
2019 3926 2470 4012 humanitati
2505 3925 2958 4010 celeberrimi

1007 4068 1010 4071 ’
1786 4043 1824 4089 *
1860 4040 1898 4086 *
2823 4043 2962 4120 viri
