3470 4568
606 205 696 288 32
1076 192 1143 253 Ἤ
1391 188 2471 291 QEnuanra

602 318 686 389 Et
706 324 804 389 lib.
826 325 1014 390 incer.
1103 323 1329 389 Incedit
1360 324 1518 391 veles
1541 326 1718 413 vulg&
1729 324 2032 405 stcilicibu’
2065 326 2248 390 luteis.

606 403 691 470 Et
710 407 940 473 Annal.
960 427 1015 493 3.
1113 408 1345 493 quleis
1376 410 1618 492 ansateis
1645 425 1991 474 concurrunt
2023 409 2274 497 undique
2303 406 2479 473 teleis.

609 484 808 555 Etlib.
833 492 1020 555 incer.
1106 526 1189 542 ··-
1202 494 1486 573 succinlli
1517 492 1685 555 corda
1713 491 2049 555 machaeris.
2090 490 2173 557 Et
2195 493 2318 556 alio
2336 496 2518 573 loco,
2566 505 2784 571 runata
2816 489 3045 556 recedit.

609 569 773 636 Item
797 574 898 638 lib.
920 576 937 637 i
944 596 979 638 u
987 595 1106 639 cer.
1189 581 1356 722 &aas
1390 575 1584 651 ‚valide
1610 577 1771 639 venit
1803 591 2056 640 contorta
2075 573 2333 655 falarica
2363 574 2548 659 miſju.

612 649 693 718 Et
709 653 902 743 Trag.
925 658 1110 722 incer.
1251 675 1320 721 ut
1340 674 1706 744 permacerat
1728 661 1925 744 paries'
1943 657 2203 746 percufflr
2220 657 2433 738 trifaci.

607 735 782 803 Patet
814 742 1000 806 ctiam
1036 743 1257 822 partim
1285 761 1358 807 ex
1388 744 1577 823 lociS,
1622 762 1783 824 quos
1816 743 1995 826 supra
2029 744 2667 808 commemoravimus
2703 790 2723 822 ,
2767 741 2991 823 partim
3023 759 3094 805 ex
3129 742 3266 822 his,

606 838 773 901 quos
808 824 1089 888 dicemus
1117 828 1177 888 in
1212 828 1298 891 rei
1325 828 1606 891 nauticae
1638 828 2002 912 cognitione
2029 845 2162 889 non
2195 824 2415 906 parum
2446 825 2563 890 effe
2597 824 2906 891 versatum
2945 821 3178 889 Annal.
3202 822 3267 889 8.

1023 906 1283 971 Labitur
1306 908 1484 971 unda
1514 909 1706 971 trabes
1737 912 1941 973 remeis
1971 909 2214 991 rostrata
2232 925 2344 996 per
2369 908 2576 973 altum.
2941 914 2944 919 ’

1031 991 1260 1076 Ingenti
1291 990 1459 1055 vadit
1487 994 1654 1074 cursu
1669 1040 1689 1074 ,
1730 991 1847 1079 qud
1877 990 2124 1056 redditu’
2155 992 2356 1054 termo’
2421 1015 2444 1054 .·

1023 1076 1115 1138 Im
1153 1090 1280 1139 etus
1307 1071 1472 1136 haud
1496 1072 1653 1160 longe
1678 1075 1882 1138 mediis
1912 1071 2220 1161 regionibu'
2250 1096 2313 1135 re
2363 1088 2447 1137 at.

609 1150 695 1218 Et
715 1156 818 1219 lib.
840 1158 1025 1221 incer.
1168 1155 1388 1235 onstllas
1415 1156 1652 1241 rapiunt
1668 1206 1686 1240 ,
1729 1158 2015 1243 configunt
2047 1155 2186 1221 litus
2202 1204 2221 1237 ,
2271 1156 2541 1219 aduncas.

611 1232 692 1300 Et
713 1238 939 1303 Annal.
960 1258 1017 1321 7.
1118 1238 1414 1322 lilufferat
1439 1238 1551 1301 hac
1584 1263 1798 1304 navem
1827 1237 2164 1327 compulsam
2175 1238 2449 1319 fludibu’
2464 1253 2704 1337 pontus.

613 1317 705 1382 At
734 1323 1054 1403 proprium
1089 1321 1535 1387 Gubernatoris
1569 1343 1800 1388 munus
1834 1325 1913 1388 {ic
1944 1325 2150 1404 paucis
2185 1323 2542 1404 explicam,
2585 1323 2688 1387 lib.
2706 1322 2892 1387 incer.

1033 1403 1121 1467 Ut
1151 1404 1386 1468 clavum
1413 1405 1639 1468 redum
1665 1422 1894 1469 teneam
1910 1455 1930 1488 ,
1971 1408 2282 1494 navimque
2302 1405 2632 1491 gubernem.
2805 1468 2814 1476 ,

618 1480 702 1550 Et
718 1488 857 1552 alibi
876 1489 1266 1569 Hortatoris,
1309 1487 1427 1552 five
1445 1487 1772 1554 Portisculi
1856 1488 2085 1555 Annal.
2107 1489 2165 1554 8.
2250 1523 2334 1537 ---
2375 1489 2558 1566 tonsas
2588 1502 2723 1549 ante
2749 1487 3028 1552 temnis

947 1572 1240 1635 Parerent
1261 1619 1281 1652 ,
1323 1570 1684 1651 observarent
1698 1621 1719 1655 ,
1763 1538 2354 1660 130rtisculu'fignum
2438 1568 2624 1656 Qubm
2638 1569 2778 1633 dare
2792 1570 3035 1659 coepff't
3065 1604 3153 1622 -ο

612 1648 698 1717 Et
721 1653 948 1719 Annal.
968 1674 1024 1736 7.
1112 1654 1279 1759 P‘st‘
1312 1656 1618 1717 recumbite
1635 1705 1655 1738 ,
1694 1656 1992 1742 vostraque
2057 1654 2245 1720 efflora
2260 1652 2458 1739 pellite
2485 1652 2704 1735 tonfi’is.
3133 1666 3140 1673 ’

1031 1736 1196 1798 Pone
1213 1752 1456 1822 petunt,
1499 1739 1640 1801 exin
1667 1739 1927 1817 referunt
1957 1670 2280 1836 adppeclora
2308 1738 2508 1820 tonsas.

498 1834 575 1899 32
616 1815 944 1899 Possumus
965 1819 1210 1898 insuper
1230 1819 1508 1884 extribus
1529 1823 1922 1902 sequentibus
1942 1825 2095 1885 locrs
2113 1818 2278 1885 reete:
2294 1818 2605 1901 conjicere
2625 1867 2644 1900 ,
2683 1818 3163 1903 &ter-restrium,
3201 1819 3267 1886 δε

614 1901 1067 1965 maritimarum
1084 1901 1414 1982 regionum
1431 1902 1751 1969 scientiam
1765 1903 2047 1970 habuiss‘e.
2092 1903 2165 1968 In
2186 1903 2367 1969 Med.
2459 1935 2544 1949 -·-
2559 1908 2676 1989 q‘ua
2692 1916 2906 1988 pontus
2923 1900 3130 1966 Helles.

615 1980 843 2047 Annal.
883 2002 907 2046 1
924 2032 937 2046 .
1059 1983 1263 2046 Lunai
1282 1999 1521 2069 portum
1552 1988 1631 2066 est
1658 2002 1855 2073 operae
1880 1986 2185 2073 cognoscere
2216 1985 2467 2049 Ceiveis.
2615 1996 2620 2001 ‘
2894 2000 2900 2007 '
2961 2002 2966 2011 ‘
2991 2015 2996 2021 ·

609 2061 693 2131 Et
711 2070 936 2132 Annal.
957 2069 1138 2131 incer.
1223 2066 1621 2143 Brundustum
1688 2069 1831 2132 olcro
1849 2068 2247 2156 praecinllum
2269 2082 2537 2166 praepete
2554 2082 2750 2154 portu.

610 2145 892 2231 Reliquit
912 2155 1111 2216 multa
1127 2149 1307 2229 sane,
1351 2171 1424 2216 ac
1454 2152 1622 2215 diver
1655 2168 1835 2217 atam
1870 2155 2175 2233 praeclara
2211 2153 2434 2237 ingemi
2464 2151 2555 2214 sui
2590 2166 3035 2232 monumenta,
3092 2169 3162 2217 ut
3192 2153 3268 2220 in

554 2268 595 2304 ..-
611 2250 1002 2315 unoquoque
1076 2234 1257 2299 encre
1280 2231 1468 2320 longe
1485 2235 1640 2300 alios
1661 2235 1957 2318 superaffe
1979 2236 2273 2304 videatur.
2319 2231 2559 2299 Enituit
2576 2233 2900 2316 praecipue
2917 2236 2979 2300 in
2994 2252 3103 2320 40.
3121 2234 3272 2302 An·

610 2318 849 2382 nalium
871 2320 1031 2380 libris
1092 2318 1302 2382 eroico
1320 2319 1590 2383 carmine
1619 2320 2018 2401 conscriptis;
2061 2319 2360 2400 inquibus
2394 2336 2751 2403 permagnas
2771 2366 2789 2398 ,
2831 2338 2903 2382 ac
2933 2319 3272 2387 immorta-

613 2404 700 2463 les
721 2403 932 2482 populi
948 2399 1144 2465 Rom.
1164 2421 1257 2464 res
1317 2400 1462 2466 estas
1481 2399 1743 2464 mirifici:
1756 2404 2084 2467 celebravit
2105 2423 2119 2466 :
2163 2416 2452 2483 tantaque
2470 2401 2532 2462 in
2553 2401 2843 2463 omnium
2861 2401 3267 2467 existimatio-

610 2502 691 2547 ne
707 2485 959 2548 fuerunt
977 2531 996 2563 ,
1040 2500 1107 2548 ut
1122 2504 1228 2565 per
1327 2484 1444 2547 rbis
1462 2486 1741 2566 compita
1764 2485 1782 2503 “
1812 2486 1895 2568 Q.
1916 2484 2299 2567 Vargunteio
2317 2529 2335 2559 ‚
2379 2484 2484 2565 qui
2501 2485 2640 2546 illos
2659 2484 3017 2549 continuata
3034 2488 3268 2556 carmi-

609 2586 768 2631 num
788 2567 936 2631 serie
954 2568 1337 2646 conscriptos
1354 2567 1415 2630 in
1432 2567 1616 2631 libros
1632 2568 1772 2650 dige
1824 2584 1972 2649 erat,
1989 2568 2263 2632 maximo
2282 2567 2516 2630 civium
2534 2565 2751 2646 plausu
2770 2564 3016 2646 publice
3035 2570 3263 2637 recita-

611 2669 843 2732 rentur,
862 2649 1031 2715 Suet.
1050 2651 1127 2715 dc
1145 2655 1290 2715 clar.
1311 2648 1530 2735 Gram.
1549 2647 1623 2713 N
1626 2671 1698 2715 ec
1710 2648 1957 2716 Romae
1975 2647 2219 2715 tantum
2241 2651 2650 2720 verumetiam
2669 2647 2966 2730 Puteolis,
2985 2665 3054 2715 ut
3069 2653 3145 2716 ab
3161 2651 3266 2718 A-

609 2736 801 2818 gellio
822 2735 923 2797 lib.
947 2731 1117 2797 18.c.
1137 2755 1192 2815 5.
1227 2737 1492 2798 relatum
1512 2732 1629 2814 est,
1675 2733 2005 2816 aquodam
2021 2732 2409 2817 Anagnoste,
2451 2727 2925 2812 quiEnnianista
2957 2738 3259 2814 appellari

609 2819 857 2882 volebat
876 2866 893 2895 ‚
935 2817 1189 2882 bomine
1208 2837 1338 2880 non
1357 2814 1614 2880 indeclo
1630 2864 1650 2897 ,
1693 2837 1854 2880 voce
1869 2813 2213 2882 admodum
2233 2815 2376 2879 scita
2394 2863 2412 2895 ,
2447 2814 2503 2877 δι
2520 2834 2745 2878 canora
2759 2815 2835 2878 ad
2857 2820 3168 2895 populum
3185 2820 3261 2885 in

608 2901 847 2964 theatro
868 2902 1240 2979 legebantur.
1287 2895 1379 2960 Ex
1400 2899 1692 2962 omnibus
1707 2899 1894 2978 vero,
1938 2899 2043 2980 qui
2065 2898 2626 2961 circunferebantur
2661 2896 3008 2962 Annalium
3044 2900 3258 2984 libris,

608 2984 867 3063 quidam
885 2982 960 3046 C.
982 2979 1227 3045 Οᾶανῐί
1246 2977 1695 3060 Lampadionis
1715 3030 1734 3062 ,
1778 2998 2073 3062 tanquam
2091 2981 2335 3045 alterius
2370 2978 2695 3044 Aristarchi
2728 2999 2918 3044 manu
2952 2984 3260 3060 emenda·

608 3081 708 3129 tus
724 3112 744 3141 ,
763 3068 846 3129 ob
864 3082 1188 3147 magnam,
1214 3083 1287 3126 ae
1303 3065 1717 3130 venerandam
1734 3065 2116 3129 venustatem
2135 3061 2389 3126 summo
2410 3061 2617 3142 precio
2652 3062 2887 3126 habitus
2920 3061 3054 3126 fuit.
3101 3063 3258 3132 Hcs

608 3148 866 3213 eosdem
884 3146 1433 3211 Annaliumlibros
1451 3163 1698 3228 propter
1712 3146 2059 3211 difficilium
2093 3146 2331 3227 aliquot
2365 3145 2838 3222 sententiarum,
2880 3145 3261 3225 priscarum-

607 3251 731 3313 que
751 3251 983 3295 vocum
1001 3229 1438 3294 obscuritatem
1455 3228 1550 3292 Fl.
1570 3227 1853 3310 Captum
1877 3227 2149 3293 dilucide
2181 3226 2521 3292 enucleaffe
2551 3227 2869 3309 proditum
2899 3226 2996 3291 est.
3045 3226 3252 3298 Dedit

604 3309 1492 3395 Tragoediasquamplurimas
1527 3312 1815 3393 sublimi,
1859 3330 1930 3376 ac
2032 3310 2172 3374 andi
2206 3310 2502 3374 orationis
2534 3327 2795 3395 genere;
2838 3328 2989 3390 quas
3020 3313 3254 3390 partim

604 3397 842 3461 vertiti:
861 3395 1148 3472 Graeci-s,
1192 3396 1410 3475 partim
1428 3396 1757 3475 proprioin
1800 3395 1943 3458 enio
1990 3392 2206 3473 cripsit.
2248 3391 2396 3457 Nec
2412 3394 2486 3458 ab
2502 3412 2580 3457 eo
2597 3398 2782 3458 altera
2797 3392 3254 3459 scenadestitu-

603 3480 795 3546 tatuit
813 3500 833 3556 ;
873 3498 1021 3543 nam
1037 3474 1420 3542 Comoedias
1440 3478 1626 3542 etiam
1643 3478 1741 3542 edi
1790 3479 1833 3540 it
1850 3525 1869 3556 ,
1888 3495 2036 3558 quas
2056 3491 2267 3540 utrum
2284 3477 2689 3551 converterit,
2718 3495 2795 3538 an
2813 3493 3006 3539 novas
3026 3478 3251 3542 confe-

604 3562 751 3628 cerit
771 3608 790 3636 ,
804 3563 889 3624 mi
897 3563 953 3624 bi
972 3561 1261 3625 nondum
1273 3575 1671 3642 compertum
1686 3559 1768 3623 est
1787 3580 1801 3624 :
1821 3560 2000 3623 sedin
2017 3575 2283 3639 utroque
2298 3557 2646 3628 fabularum
2659 3577 2880 3643 genere
2895 3557 3106 3622 versus
3124 3578 3250 3625 nu-

603 3663 928 3711 merorum
951 3644 1196 3710 licentia
1224 3646 1666 3709 claudicarunt.
1729 3640 1883 3721 Quo
1913 3643 2067 3705 vitio
2102 3660 2229 3704 non
2251 3641 2448 3706 modo
2470 3638 2744 3721 Ennius,
2790 3640 2892 3705 sed
2913 3689 2931 3718 ‚
2977 3656 3044 3705 ut
3065 3659 3247 3709 notat

606 3728 865 3793 Flaccus
889 3727 950 3790 in
967 3725 1142 3791 Po‘e't.
1162 3728 1381 3791 caeteri
1407 3725 1689 3810 ejusdem
1704 3724 1913 3790 aetatis
1931 3721 2207 3788 Romani
2226 3724 2442 3805 poe'tae
2460 3726 2831 3789 laborarunt.
2875 3723 3052 3789 Fecit
3070 3721 3248 3791 Lati·

604 3832 752 3876 nam
771 3806 1117 3889 Epicharmi
1137 3810 1618 3892 philosophiam,
1658 3806 1719 3872 δε
1744 3804 2074 3871 Euhemeri
2091 3807 2323 3871 sacram
2355 3806 2682 3871 historiam.
2726 3803 2967 3887 Scripfit
2998 3803 3246 3888 Scipio-

606 3914 789 3974 nem,
838 3892 1191 3978 Pbagetica,
1232 3890 1729 3978 Epigrammata,
1775 3889 2053 3970 Satyras,
2097 3887 2877 3970 Asotum,&aliafortaffi:
2894 3893 3245 3970 complura.

530 4006 555 4014 -
605 3975 865 4056 Majora
881 3972 1165 4057 profeci&
1183 3978 1259 4040 de
1279 3993 1406 4041 tam
1425 3995 1658 4060 magno
1672 3976 1810 4039 viro
1826 3973 1946 4038 dici
1965 3971 2294 4054 potuiffent
2315 3972 2387 4047 ,fi
2407 3974 2609 4053 aliqua
2623 3973 2839 4037 saltem
2853 3992 2926 4036 ex
2942 3973 3075 4051 ejus
3095 3975 3253 4053 po'e'-

606 4060 784 4127 matis
805 4060 1039 4149 integra
1055 4074 1326 4126 extarent
1360 4059 1720 4143 volumina,
1764 4077 1922 4150 quae
1945 4075 2174 4144 magna
2206 4055 2621 4122 studiosorum
2642 4052 2879 4136 jaaura
2911 4055 3253 4137 perierunt.

2939 4134 3024 4218 Q.
3065 4125 3249 4204 EN,
