3470 4568
972 216 1147 292 Ex
1259 215 1366 298 X.
1482 224 2102 304 ANNALr.

1366 345 1476 401 zoe>

513 452 637 471 ·-·
689 410 990 486 animus
1025 434 1200 498 cum
1237 410 1545 520 pestere
1572 409 1795 495 latrat
1828 479 1848 510 ‚
2138 485 2141 488 .

329 513 655 600 ‘Velutei
690 513 747 598 fi
781 515 1086 627 quando
1124 535 1155 574 Β
1189 520 1496 606 vincleis
1531 533 1869 611 venatica
1905 522 1941 582 b
1979 524 2204 611 velox

2768 252 2867 331 93

2580 425 2692 470 vat.
2712 420 2798 470 Le.
2815 420 2878 472 de

2592 485 2809 536 lianat.

290 666 329 702 a
380 650 563 702 Vinelo
587 652 810 702 venatica
842 666 969 703 aeno
1031 652 1064 704 b
1101 659 1339 707 venenox
1353 692 1370 716 ,
1405 661 1483 710 vel
1510 665 1673 713 v'enox

292 816 549 873 Amr-tus
591 830 718 872 cum
759 832 1028 876 nerone
1067 820 1343 898 tuan]
1386 826 1520 884 Ver-

210 890 356 948 bum
421 890 538 948 hoc
580 890 649 948 ad
702 891 960 952 homines
1006 892 1296 988 aliquando
1351 917 1519 960 trans-

213 966 402 1025 fertur
427 1007 453 1038 ,
507 964 639 1024 cum
694 967 1052 1028 vehementer
1093 974 1178 1031 iri
1214 977 1515 1050 concitati,

209 1041 467 1102 latrantis
497 1045 650 1125 canis
675 1045 785 1101 ritu
802 1087 824 1117 ‚
842 1047 1228 1106 vociferantur.
1281 1054 1404 1111 Hoc
1419 1071 1513 1112 au·

213 1135 333 1178 tem
360 1119 502 1176 loco
515 1118 1014 1201 Po'etaquempiam
1043 1125 1396 1201 ostendebat,
1456 1133 1513 1189 ui

213 1195 334 1254 vifis
363 1194 658 1267 hostibus,
711 1197 886 1256 elatus
913 1200 1133 1272 animo,
1186 1203 1269 1261 ira
1296 1224 1421 1264 exar
1461 1228 1514 1267 e·

215 1270 411 1331 sceret.
481 1273 665 1349 Qod
694 1290 877 1332 totum
907 1275 1271 1353 proculdubio
1302 1301 1371 1340 ex
1397 1284 1511 1340 Ho-

225 1367 384 1408 mero
412 1347 694 1427 sumptum
725 1351 833 1419 cst3
875 1351 1031 1428 cujus
1059 1355 1236 1412 verbis
1263 1377 1511 1417 commo·

230 1424 434 1483 nelaffi
450 1465 474 1496 ,
506 1443 567 1482 ac
594 1425 743 1502 quali
775 1428 875 1484 filo
908 1427 1052 1487 dusti
1071 1471 1091 1501 ,
1131 1428 1239 1488 hoc
1268 1431 1508 1493 hemisti-

226 1500 420 1561 chium
448 1499 484 1559 a‘
510 1505 759 1560 Varrone
787 1502 827 1560 1.
844 1512 899 1560 6.
914 1504 981 1564 de
997 1507 1119 1564 Lin.
1135 1510 1251 1565 Lat.
1279 1508 1508 1570 relatum

224 1596 356 1636 cum
398 1576 578 1635 tribus
620 1577 973 1657 sequentibus
1011 1582 1247 1641 versibus
1270 1627 1292 1656 ,
1347 1588 1442 1663 qui
1473 1589 1506 1646 :i

223 1654 381 1713 Festo
411 1652 795 1728 adducuntur,
837 1654 979 1715 reste
1000 1657 1344 1737 scaligerum
1375 1682 1507 1719 eon·

222 1727 491 1807 junxiffe,
530 1730 918 1792 existimamus.
984 1734 1074 1792 Sic
1103 1736 1274 1814 igitur
1301 1740 1506 1797 Home-

225 1825 316 1865 rus
342 1806 533 1865 Ὀδυσ.
558 1832 605 1864 v.

309 1922 324 1928 -
376 1911 566 1934 —ae
594 1882 777 1962 κραδίη
791 1881 848 1941 δὲ
868 1884 914 1941 οἱ
935 1884 1063 1943 ’ἔνδον
1081 1886 1317 1960 ὑλάκτει,

305 1959 402 2025 Ὠς
432 1957 489 2016 δὲ
519 1959 640 2018 πιόιη
655 1964 846 2038 ciprani
859 1986 913 2019 σι
944 1963 1061 2040 περὶ
1083 1964 1405 2023 σκυλάκεσσι
1423 1975 1509 2039 βε-

470 2040 622 2104 βὸσαι

309 2104 471 2187 ”Αιδῤ
503 2110 799 2180 darneio-a&
813 2112 964 2171 datin
979 2155 1001 2185 ,
1040 2115 1243 2187 μέμονέν
1262 2144 1313 2176 τε
1333 2116 1508 2193 μάχε-

468 2190 618 2246 σθαι.

235 2264 354 2324 Ubi
387 2263 660 2342 Dydimus
694 2266 930 2325 ὁλακτεῖν
959 2266 1064 2328 effe
1105 2271 1215 2343 ait,
1256 2269 1385 2331 etim
1414 2291 1513 2329 cor

362 2344 492 2413 itat,
534 2348 585 2401 &
614 2344 880 2403 continue
911 2347 1160 2425 agitatur.
1201 2348 1513 2406 Confirmat

282 2436 431 2477 etrus
467 2420 739 2478 Vistorius
768 2419 807 2477 1.
820 2443 876 2493 9.
895 2423 1023 2481 Var.
1053 2421 1180 2480 lect.
1207 2444 1256 2481 c.
1275 2443 1331 2492 7.
1371 2425 1514 2502 opti·

231 2497 308 2553 mi
341 2497 605 2554 Varronis
631 2496 982 2577 exemplaris
1023 2502 1379 2572 auctoritate,
1418 2497 1511 2558 hic

233 2591 350 2629 non
374 2571 576 2645 laetas,
615 2590 677 2630 ut
700 2591 984 2707 perc-feram
1001 2591 1113 2633 erat
1145 2576 1202 2633 in
1235 2577 1387 2648 aliis,
1427 2575 1511 2635 le-

234 2646 481 2733 gendum
522 2647 626 2708 effe
645 2690 664 2720 ‚
717 2648 771 2707 se
850 2649 1030 2708 latrat.
1110 2652 1287 2729 Quod
1331 2670 1512 2710 autem

234 2723 410 2782 iubdit
431 2767 452 2795 ,
503 2726 561 2785 id
587 2727 742 2785 Sexti
770 2727 1023 2805 Pompeji
1061 2729 1374 2786 testimonio
1398 2749 1514 2785 non

237 2818 438 2877 parum
474 2801 713 2880 adjuvari
740 2845 761 2873 ,
815 2805 913 2878 qui
953 2805 1027 2862 ait
1056 2803 1247 2861 latrare
1274 2806 1513 2862 Ennium

242 2894 350 2953 pro
371 2889 548 2949 poscere
574 2878 733 2937 usum
763 2877 867 2936 effe
892 2899 913 2948 3
970 2887 1096 2939 mea
1137 2880 1362 2957 quidem
1401 2879 1515 2938 sen-

242 2953 423 3009 tentia
447 2953 511 3012 ad
534 2955 684 3014 hunc
710 2954 900 3014 locum
929 2956 1072 3015 haud
1100 2975 1370 3036 quaquam
1404 2955 1515 3034 spe-

238 3028 389 3087 stare
415 3030 647 3090 videtur.
691 3033 1048 3112 Qapropter
1072 3031 1269 3091 rectius
1286 3035 1409 3110 quis
1427 3053 1516 3090 ex·

241 3106 596 3166 istimaverit‚
653 3110 895 3166 Ennium
947 3110 1053 3168 hoc
1087 3111 1312 3169 verbum
1351 3110 1409 3167 in
1449 3130 1517 3167 eo

237 3180 397 3241 sensu
428 3224 448 3253 ‚
501 3203 669 3260 quem
718 3185 846 3243 Sex.
891 3185 1185 3264 Pompejus
1241 3188 1518 3264 sequitur,

237 3257 372 3317 alibi
401 3260 696 3336 protuliss'e.
760 3263 1026 3319 Animum
1058 3279 1239 3320 autem
1269 3283 1394 3320 cum
1425 3282 1516 3339 pe-

237 3335 395 3393 &ore
424 3336 615 3394 latrare
645 3336 784 3395 dixit
814 3380 834 3409 ‚
889 3358 1078 3395 eorum
1123 3340 1376 3416 sequutus
1403 3340 1516 3415 opi·

239 3413 474 3469 nionem
501 3454 523 3483 ,
579 3415 678 3490 qui
714 3414 882 3471 animi
917 3413 1095 3472 sedem
1126 3416 1182 3471 in
1214 3415 1378 3472 corde
1418 3410 1520 3472 effe

237 3489 488 3546 arbitrari
514 3486 658 3547 sunt.
724 3491 887 3548 Unde
921 3489 1073 3568 saepe
1098 3493 1322 3548 Veteres
1349 3508 1522 3549 meto-

240 3565 506 3640 nymice-'is
536 3586 634 3624 cor
674 3583 776 3641 pro
797 3568 984 3623 animo
1012 3564 1351 3642 usurparunt.

320 3642 466 3699 Cuu
507 3643 816 3720 macron]
862 3643 1056 3701 Melius
1072 3661 1365 3717 animusque
1379 3642 1432 3698 in
1442 3655 1522 3717 pe·

138 3726 196 3776 16
198 3739 226 3795 3
244 3723 376 3776 Clare
404 3718 570 3775 latrat
587 3761 609 3790 ,
646 3736 707 3775 ut
726 3722 1083 3777 Homericum
1113 3717 1240 3775 ἔνδον
1257 3713 1525 3777 efficacius

245 3797 673 3874 exprimeretur.

325 3874 560 3929 Veron
603 3891 653 3928 sx
693 3875 975 3949 QUANDO]
1027 3869 1377 3942 Similitudo,
1418 3869 1525 3928 five

245 3948 475 4006 collatio
500 3967 601 4024 per
625 3947 899 4004 affefium.
961 3949 1181 4026 Integer
1207 3965 1389 4006 autem
1431 3945 1522 4004 hic

244 4023 429 4083 versus
468 4022 638 4094 elset,
691 4024 787 4100 qui
816 4021 984 4081 modo
1011 4023 1300 4103 acephalus
1335 4023 1446 4098 est,
1486 4022 1524 4085 fi

240 4120 351 4178 pro
366 4101 533 4162 Veluti
547 4143 568 4173 ,
593 4102 751 4158 sicuti
779 4117 1148 4178 reponeretur.

1678 827 1991 885 Vrina-nm
2031 830 2254 907 vztox]
2296 826 2511 887 Graeco
2536 841 2691 888 more
2718 845 2877 885 vena·

1601 901 1747 958 torio
1771 905 1891 960 cani
1933 906 2266 964 femininum
2305 906 2497 962 tribuit
2526 902 2713 962 sexum
2741 922 2760 970 3
2816 921 2878 960 ut

1599 979 1878 1036 Homerus
1899 980 1958 1036 in
1983 978 2360 1058 superioribus
2375 978 2707 1038 carminibus
2718 1020 2737 1048 ,
2777 979 2878 1036 So-

1596 1052 1831 1130 phocles
1858 1056 1918 1111 iu
1946 1055 2146 1129 Ajace,
2205 1061 2260 1115 &
2295 1055 2448 1134 saepe
2485 1059 2542 1114 O
2586 1057 2776 1132 pianus
2816 1055 2879 1110 in

1596 1134 1935 1197 κυνηγετικὸν
1977 1131 2154 1190 libris.
2237 1132 2419 1209 Quod
2475 1133 2532 1209 ip
2557 1150 2651 1187 um
2695 1129 2878 1187 Latini

1595 1208 1765 1264 etiam
1795 1206 1997 1266 Poetae
2026 1207 2284 1267 videntur
2307 1206 2621 1267 observaffi.
2678 1206 2875 1264 Varius

1592 1283 1654 1340 in
1681 1282 1828 1342 libro
1853 1282 1921 1342 de
1950 1287 2133 1342 Morte
2160 1283 2354 1349 eadem
2387 1284 2799 1363 comparatione
2815 1324 2837 1353 ,

1665 1363 1773 1417 Ceu
1788 1362 1923 1417 canis
1949 1360 2233 1437 umbrosam
2265 1361 2460 1419 latrans
2476 1363 2723 1432 Gortynia
2752 1357 2870 1416 val-

1821 1436 1920 1494 lem
1943 1478 1964 1508 ,

1667 1513 1720 1567 sa·
1735 1514 1919 1568 veteris
1936 1515 2100 1586 potuit
2118 1531 2296 1569 cervae
2327 1515 2663 1587 comprendere
2678 1514 2833 1587 lustra
2849 1556 2871 1585 ,

1643 1590 1842 1644 Saevit
1872 1591 1930 1642 in
1959 1587 2208 1663 absentem
2222 1629 2244 1659 ,
2258 1608 2325 1650 <9-
2342 1592 2531 1646 clrcum
2558 1589 2763 1664 vestigia
2787 1591 2871 1646 lu·

1812 1661 1978 1729 stram
1991 1705 2013 1734 ,

1663 1735 1896 1795 Aethera
1906 1752 1998 1815 per
2029 1739 2257 1798 niridum
2293 1755 2492 1800 tenuem
2503 1742 2729 1816 senatur
2758 1742 2873 1800 odo-

1819 1835 1946 1873 rem.

1592 1890 1878 1949 Lueretius
1909 1891 2007 1951 lib.
2031 1910 2080 1951 1.

1667 1975 1886 2044 Namque
1915 1989 2054 2026 canes
2076 1987 2136 2026 ut
2163 1975 2481 2045 montivagae
2497 1973 2718 2047 persaep'e
2727 1975 2871 2042 ferai

1669 2044 1900 2103 Naribus
1922 2048 2194 2102 inveniunt
2222 2050 2428 2101 ineeblas
2451 2045 2638 2120 frande
2653 2051 2868 2123 quietes,

1669 2118 1809 2177 Ciam
1820 2121 1979 2194 semel
2008 2121 2275 2192 institerint
2291 2121 2495 2194 vestigia
2509 2138 2642 2179 certa
2661 2126 2794 2181 viai.

1593 2197 1816 2254 Gratius
1842 2195 2007 2274 poeta
2025 2238 2045 2268 ‚
2127 2198 2182 2254 ui
2199 2194 2510 2255 felicissimo
2525 2199 2750 2278 Augusti
2766 2199 2874 2258 sae-

1593 2270 1720 2332 culo
1748 2269 1972 2343 floruit,
2017 2273 2076 2332 in
2127 2272 2300 2332 ibello
2323 2273 2393 2333 de
2409 2277 2716 2337 venatione
2732 2274 2870 2335 {imi-

1594 2349 1723 2409 liter
1750 2349 1898 2409 idem
1928 2371 2103 2429 genus
2130 2354 2250 2408 cani
2274 2352 2465 2409 tribuit
2482 2394 2502 2423 ‚

1667 2428 1746 2482 Sic
1778 2430 1913 2576 civanis
1940 2430 2028 2485 illa
2049 2427 2162 2503 suas
2193 2431 2450 2485 taciturna
2466 2430 2759 2505 fitpervenit
2781 2426 2870 2484 ho-

1858 2524 1957 2575 ets,

1670 2587 1754 2637 At
1766 2578 1985 2653 clangore
1999 2583 2124 2637 citat
2137 2621 2159 2651 ,
2188 2599 2309 2656 quos
2321 2581 2545 2637 nondum
2576 2579 2798 2654 conspicit
2812 2594 2872 2631 a·

1857 2676 1935 2710 ros

1675 2669 1864 2787 Aetoss
1890 2748 2206 2805 quaecunque
2236 2731 2371 2785 canis
2399 2729 2459 2783 de
2481 2727 2620 2802 stirpe

1597 2803 1954 2864 Nemesianus
1989 2807 2048 2862 in
2086 2804 2265 2874 libro,
2317 2822 2486 2881 quem
2524 2804 2591 2861 ad
2625 2802 2870 2879 Oppiani

1598 2883 1964 2940 imitationem
1994 2881 2378 2958 cynegeticon
2420 2878 2753 2958 appellavit,
2804 2878 2874 2937 de

1597 2977 1796 3017 canum
1825 2960 2002 3016 forma
2031 2957 2265 3034 loquens
2290 2960 2397 3028 ait,

1673 3034 1886 3092 Renibus
1901 3035 2071 3110 ampla
2086 3043 2217 3110 satis
2234 3033 2424 3092 validis
2440 3073 2461 3103 ,
2475 3033 2781 3108 didm‘laque
2799 3052 2873 3095 co,-

1827 3131 1940 3168 xas.

1595 3190 1664 3245 Et
1692 3188 1986 3256 Horatius,
2029 3185 2194 3241 multa
2222 3203 2355 3241 cane.
2397 3187 2470 3243 At
2486 3182 2652 3239 Silius
2681 3182 2893 3241 eidem,

1599 3260 1634 3322 a
1662 3281 1793 3320 cane
1818 3259 2031 3339 sumpti
2047 3259 2429 3329 similitudine,
2471 3257 2610 3315 hanc
2640 3256 2877 3315 summo-

1602 3359 1726 3397 rum
1759 3340 2040 3414 utriusque
2071 3335 2150 3392 lin
2194 3354 2292 3394 uae
2319 3335 2602 3392 auelorum
2634 3332 2877 3393 observa-

1604 3418 1816 3472 tionem
1847 3355 2193 3491 practermihgt
2223 3453 2244 3485 ,
2299 3408 2429 3469 etim
2454 3427 2644 3468 canem
2674 3409 2878 3468 maseu-

1602 3491 1723 3550 lina
1754 3509 1886 3547 voce
1908 3488 2197 3567 protulerit
2214 3506 2234 3555 3

1680 3575 1744 3622 Ut
1774 3570 1906 3623 canis
1934 3564 2136 3621 occultos
2151 3568 2309 3639 agitat
2334 3582 2447 3619 cum
2463 3562 2650 3638 Belgius
2665 3576 2840 3637 apros,

1680 3650 1974 3717 Error-esque
1992 3645 2135 3712 serae
2153 3639 2304 3714 solers
2326 3655 2415 3714 per
2446 3641 2602 3697 devia
2627 3640 2787 3714 merfh

1681 3728 1826 3776 Nare
1852 3718 1967 3792 legit
1991 3757 2010 3787 ,
2050 3719 2293 3793 tacitoque
2315 3730 2539 3792 premens
2564 3714 2766 3790 vestigia
2802 3733 2880 3770 ro·

1823 3792 1962 3865 βω)

1682 3868 1883 3943 Lustrat
1911 3865 2156 3942 inacceffi’s
2191 3883 2473 3925 venantum
2512 3866 2741 3939 indagine
2768 3865 2880 3939 sal-

1836 3962 1915 4002 tm
1931 3970 1948 4000 .·

1681 4031 1788 4080 Nec
1790 4006 1841 4098 fi
1831 4021 1919 4095 stit
1936 4063 1955 4093 ‚
1965 4024 2020 4077 ni
2037 4046 2057 4077 ι
2069 4034 2343 4094 conceptum
2347 4021 2564 4092 [efflatus
2577 4017 2771 4071 odorem
2783 4056 2805 4085 ,

1687 4100 1962 4178 Deprendit
1978 4020 2124 4179 distis
2150 4115 2339 4231 ανειὶιίηα
2367 4091 2551 4171 cubiliq
2580 4091 2764 4149 dumis.

2706 4165 2881 4227 Nm
