3470 4568
293 361 506 569 Q.
657 284 1319 546 ENNn
1508 374 2965 551 FRAGMENTA

2655 212 2659 218 “
2696 197 2865 301 Pag.
2925 209 2974 277 ι’

662 610 2529 853 ,EX1.ANNALL

297 929 353 981 ⁹
404 928 762 1026 Asterisbus
796 930 1069 999 carmini
1087 926 1468 1030 praeposttus
1504 923 1750 1000 indicat
1767 977 1794 1021 ,
1811 950 1917 1001 nos
1949 926 2123 1002 illud
2157 953 2413 1005 carmen
2448 929 2686 1001 nullius
2703 926 2970 997 ακὲἶονὶι

772 1035 1048 1118 monitu,
1080 1027 1205 1120 fid
1242 1024 1591 1126 coaey'eflura
1626 1050 1874 1098 tantum
1908 1054 1975 1098 σο
2012 1030 2140 1101 loco
2180 1032 2517 1119 collocaffe.

424 1242 761 1454 Mu
784 1218 820 1322 s
843 1266 892 1321 Α
917 1264 960 1319 ε
996 1302 1014 1332 ,
1054 1265 1248 1348 quae
1289 1265 1645 1351 magnum
1681 1234 2000 1353 pedibus
2017 1234 2326 1351 pulsatis
2363 1237 2632 1352 Olym-

934 1379 1137 1464 pum.

210 1575 295 1648 35
403 1555 635 1633 Musae]
696 1553 960 1613 Refertur
1006 1552 1050 1614 is
1083 1554 1266 1615 versus
1295 1555 1327 1618 εὶ
1358 1558 1439 1612 Μ.
1469 1557 1599 1612 Var-

315 1650 452 1690 rone
480 1633 520 1690 1.
551 1645 607 1690 6.
636 1632 707 1689 de
739 1630 839 1688 lin.
883 1636 1000 1690 Lat.
1041 1635 1177 1708 qui,
1220 1650 1279 1690 ut
1318 1630 1396 1689 illi
1445 1629 1598 1708 saepe

308 1728 431 1768 mos
459 1710 573 1779 est,
614 1707 966 1786 praetermilit
994 1710 1289 1769 auetorem.
1351 1707 1600 1765 Eundem

266 1814 273 1821 ·
300 1785 572 1857 mutilum
613 1785 841 1861 quidem
872 1825 892 1852 ,
944 1803 1005 1842 ac
1032 1786 1383 1863 depravatum
1404 1825 1423 1852 ,
1483 1803 1600 1841 non

302 1863 548 1920 indicata
586 1863 770 1939 operis
808 1858 1160 1939 inscriptione
1189 1904 1209 1932 ,
1263 1864 1337 1919 ita
1380 1860 1599 1919 Servius

301 1938 348 1997 l.
386 1958 447 1997 ιι
465 1981 480 1996 .
509 1942 651 1997 Aen.
677 1938 831 1997 affert
846 1958 914 1997 ex
927 1940 1140 2010 Ennio,

399 2018 491 2072 Ad
525 2014 713 2088 Musas,
738 2014 1071 2090 quaeepedibus
1086 2015 1299 2091 pulfictis
1317 2013 1605 2090 Olympum.

319 2090 414 2151 Ab
446 2089 619 2149 altero
658 2090 877 2167 quidem
920 2091 1135 2171 integer
1168 2089 1347 2148 versus
1376 2133 1398 2161 ,
1436 2094 1501 2150 ab
1531 2093 1604 2149 al·

201 2195 280 2259 37
325 2185 456 2225 tero
500 2166 630 2224 verb
671 2167 892 2224 austeris
934 2187 1139 2225 nomen
1181 2168 1430 2225 habetur.
1486 2168 1607 2225 Cur

322 2262 510 2304 autem
538 2244 696 2301 initio
733 2263 861 2303 eum
894 2243 1379 2313 collocaverimus,
1430 2243 1487 2302 id
1510 2264 1608 2324 po-

313 2318 580 2380 tiffimum
602 2341 701 2378 nos
722 2319 949 2399 impulit
963 2340 983 2390 3
1026 2319 1168 2392 five,
1208 2321 1360 2398 quod
1403 2323 1611 2379 Ennius

298 2419 456 2472 ‚unus
485 2399 742 2456 omnium
772 2397 838 2457 ad
872 2398 1221 2456 Homericam
1255 2397 1609 2475 majestatem,

307 2474 962 2568 magniloquentiamque
988 2472 1259 2553 adspirans
1279 2517 1296 2544 ,
1340 2491 1522 2531 totum
1555 2472 1609 2533 se

304 2552 377 2612 nd
404 2552 563 2611 illius
594 2552 966 2611 imitationem
998 2551 1299 2609 contulerit
1380 2553 1440 2608 ut
1470 2551 1606 2609 alter

305 2627 439 2688 Inde
485 2630 768 2688 Homerus
806 2627 1246 2693 existimaretur3
1301 2592 1409 2686 live
1454 2624 1607 2704 quod

301 2703 805 2786 Pythagoricorum
834 2702 1156 2781 opinionem
1184 2703 1474 2781 sequutus,
1514 2702 1608 2762 fibi

310 2781 638 2862 persuaserat
655 2823 676 2852 ,
690 2779 925 2838 Homeri
938 2781 1176 2838 animam
1210 2780 1267 2837 in
1289 2778 1490 2838 somnis
1514 2779 1606 2837 fibi

314 2857 475 2917 visam
487 2854 523 2932 ,¹
546 2860 610 2917 in
637 2858 797 2916 suum
827 2876 923 2914 cor
963 2876 1024 2914 us
1044 2899 1065 2927 ,
1106 2874 1167 2914 ut
1190 2851 1355 2935 paulo
1381 2856 1501 2935 post
1530 2854 1609 2913 di-

317 2955 535 3008 cemus,
574 2934 900 3012 commigrai
925 2953 975 2990 e.
1017 2935 1214 3012 Qare
1241 2953 1369 2990 cum
1399 2936 1608 2990 Home·

312 3032 405 3071 rus
422 3015 479 3071 in
508 3011 798 3089 utriusque
822 3007 901 3067 sui
928 3013 1110 3088 operis
1138 3008 1374 3088 ingressu
1395 3006 1607 3067 Musam

303 3089 692 3158 invocaverit,
732 3084 917 3146 decuit
945 3088 1107 3146 etiam
1136 3089 1449 3144 Romanum
1466 3091 1609 3144 Mae·

308 3165 593 3224 onidemi
611 3163 892 3222 Musarum
920 3163 1269 3222 invocatione
1293 3156 1398 3221 effe
1438 3158 1608 3238 auspi·

309 3261 519 3302 catum.
564 3239 875 3302 Confirmat
888 3236 944 3297 id
973 3241 1057 3298 M.
1086 3240 1257 3297 Varro
1272 3240 1434 3298 initio
1452 3237 1614 3296 libro·

312 3339 439 3380 rum
474 3319 546 3378 de
575 3338 637 3377 re
668 3317 898 3387 rustica,
939 3335 1065 3375 eum
1090 3316 1305 3394 inquit:
1347 3321 1413 3371 Et
1440 3317 1617 3394 quoni·

311 3417 402 3454 am
417 3440 436 3468 ,
464 3411 524 3452 ut
536 3396 689 3472 ajunt
703 3438 724 3467 ,
765 3394 865 3451 Dei
880 3392 1123 3463 facientes
1158 3393 1444 3468 adjuvant,
1478 3395 1621 3465 prius

316 3473 563 3531 invocabo
586 3493 664 3533 eos
677 3491 699 3539 3
738 3490 826 3528 nec
840 3512 862 3541 ,
892 3484 951 3524 ut
978 3479 1221 3528 Homerus
1236 3511 1257 3540 ,
1296 3468 1377 3537 Εἴ
1403 3471 1617 3536 Ennius,

315 3553 530 3626 Mufits,
560 3551 655 3623 sed
667 3556 790 3607 ΧΠ.
831 3554 956 3602 Deos
1002 3546 1278 3622 canlinteis.
1332 3546 1468 3622 Qua
1485 3543 1618 3602 verb

312 3628 531 3686 tatione
559 3629 841 3685 Homerus
897 3621 1178 3700 utriusque
1224 3620 1489 3700 poematis
1530 3641 1619 3679 ex-

316 3705 538 3761 ordium
564 3701 600 3762 i
629 3700 816 3762 Musae
860 3700 1209 3757 invocatione
1241 3698 1582 3756 inchoaverit
1601 3737 1623 3769 ,

312 3778 648 3852 Plutarchus
679 3781 740 3840 in
769 3775 963 3836 libello
1002 3775 1071 3835 de
1116 3773 1265 3834 illius
1302 3777 1414 3833 vita
1453 3773 1625 3853 expli-

311 3855 491 3926 eavit,
534 3874 596 3914 ut
625 3852 838 3915 scincet
869 3870 1006 3929 quae
1040 3851 1269 3911 dicenda
1310 3870 1494 3924 erant,
1532 3870 1622 3909 au·

365 3935 602 4005 ustiora,
644 3929 975 4005 majorisque
1004 3920 1257 4000 pon‘deris
1291 3946 1457 4006 atque
1503 3929 1617 3986 exi·

376 4009 651 4072 imationis
707 4005 1066 4067 haberentur:
1121 4004 1225 4064 sive
1252 4049 1274 4076 ,
1326 4023 1386 4063 ut
1439 4004 1619 4066 Eusta-

316 4086 445 4147 1hio
475 4087 636 4150 Iliad.
662 4111 717 4142 a.
732 4083 944 4163 placet,
986 4100 1046 4142 ut
1072 4083 1348 4143 audientes
1381 4083 1622 4143 numinis

2665 1245 2775 1290 var.
2795 1237 2881 1291 lib.
2919 1248 2962 1289 6.

2658 1302 2825 1354 delin.
2857 1309 2969 1353 Lat.

2659 1371 2787 1417 Serv.
2814 1383 2885 1417 ιι.

2659 1436 2784 1480 Aen.

1679 1557 2029 1612 veneratione
2058 1554 2270 1613 facilius
2300 1556 2672 1617 allicerentur.
2710 1563 2782 1618 At
2801 1558 2974 1619 Po'eta

1676 1631 1857 1687 noster
1887 1652 2006 1689 non
2039 1650 2202 1689 unam
2237 1648 2451 1690 tantum
2481 1633 2723 1706 Musam,
2766 1654 2825 1692 ut
2856 1639 2971 1694 Ho-

1678 1726 1860 1765 merus
1876 1749 1898 1777 ,
1940 1706 2028 1766 scd
2058 1727 2250 1764 omnes
2281 1708 2534 1768 consulto
2560 1713 2860 1771 invocavit.
2888 1715 2972 1770 0-

1673 1784 1926 1861 portebat
1953 1784 2135 1854 enim,
2175 1783 2307 1842 dum
2333 1785 2592 1863 gloriosas
2624 1791 2859 1846 Romani
2873 1809 2973 1868 po-

1674 1858 1795 1936 puli
1839 1878 1921 1917 res
1972 1860 2142 1940 gestas
2190 1879 2408 1919 caneret
2439 1906 2456 1933 ,
2521 1865 2975 1945 incredibilesque

1677 1938 1966 2007 victorias,
2005 1954 2066 1993 ac
2101 1936 2320 2015 imperii
2357 1938 2493 1998 fines
2534 1940 2702 2020 longe
2749 1942 2975 2021 lateque

1679 2031 1777 2093 per
1808 2010 2118 2069 universum
2149 2010 2263 2071 fere
2302 2031 2567 2074 terrarum
2605 2020 2799 2075 orbem
2845 2036 2972 2094 pro-

1679 2104 1933 2167 pagatos,
1974 2108 2167 2146 omnes
2219 2091 2476 2149 invocare
2504 2134 2525 2163 ,
2594 2091 2802 2170 {ibique
2847 2115 2973 2172 pro-

1721 2167 1839 2222 itias
1867 2163 2111 2222 reddere.
2169 2168 2446 2225 Musarum
2473 2169 2694 2246 quidem
2714 2186 2975 2229 numerus

1682 2258 1923 2299 incertus
1966 2242 2084 2299 est:
2141 2260 2265 2300 nam
2304 2243 2588 2322 Ephorus,
2632 2250 2683 2304 &
2715 2247 2978 2310 Eumelus

1682 2318 2013 2376 Corinthius
2054 2336 2162 2376 tres
2197 2336 2411 2380 tantum
2437 2322 2591 2381 fuiffe
2621 2321 2978 2400 aiseruerunr,

1686 2389 1901 2453 fortaffe
1946 2396 2075 2471 quia
2122 2395 2226 2454 tria
2269 2397 2394 2455 sunt
2437 2400 2665 2459 muficae
2697 2400 2973 2473 melodiae

1681 2489 1916 2550 genera,
1956 2474 2383 2532 Enarmonicum
2426 2476 2667 2549 (cilicet,
2720 2477 2976 2536 Diatoni-

1682 2567 1809 2606 cum
1832 2592 1848 2618 ,
1887 2553 1942 2606 &
1995 2549 2466 2618 Chromaticum3
2506 2570 2600 2619 aut
2639 2554 2767 2628 quia
2791 2556 2979 2611 trifor-

1684 2625 1786 2682 mis
1819 2624 1895 2682 est
1943 2623 2264 2683 modulandi
2304 2643 2530 2698 natura,
2567 2628 2668 2685 afla
2711 2631 2979 2691 nimirum

1683 2715 1852 2771 voce,
1891 2702 2114 2778 spiritu,
2151 2719 2266 2776 quo
2282 2704 2570 2776 tubarum,
2610 2704 2981 2783 tibiarumque

1682 2777 1890 2834 sonitus
1934 2778 2199 2834 excitatur
2226 2819 2248 2847 ,
2300 2783 2353 2836 &
2399 2775 2588 2836 fidium
2634 2778 2980 2855 intensione,

1680 2868 1847 2928 atque
1864 2851 2040 2930 pulsu.
2080 2855 2276 2911 Aratus
2306 2871 2490 2913 autem
2519 2856 2577 2912 in
2606 2860 2676 2912 V.
2708 2858 2804 2912 τῶν
2838 2861 2983 2934 οἱς-μ·

1683 2934 1784 2986 κδ,
1802 2947 2037 3006 quatuor
2053 2928 2232 3008 posuit
2249 2973 2270 3002 ,
2309 2950 2436 2990 cum
2495 2951 2568 2989 uo
2589 2932 2831 2991 Mnaseas
2846 2954 2981 2992 con·

1685 3003 1868 3063 sentit.
1913 3009 2167 3082 Myrtilus
2195 3049 2215 3077 ,
2256 3011 2308 3065 &
2348 2951 2702 3086 Epissharmus
2739 3010 2981 3088 septem,

1684 3083 1812 3139 osto
1842 3082 2068 3154 Crates,
2107 3103 2311 3141 novem
2336 3087 2547 3142 Pierius
2566 3085 2829 3156 Ma'ced0‚
2872 3090 2977 3147 lie'-

1686 3151 1903 3230 flodus,
1943 3164 1998 3217 &
2043 3158 2139 3215 alii
2185 3160 2354 3253 quam
2397 3160 2654 3238 plurimi,
2697 3162 2909 3221 fortasse
2947 3167 2982 3222 ἑ.

1688 3238 1908 3293 numeri
1938 3235 2284 3313 praestantia:
2324 3237 2774 3317 quandoquidem
2806 3238 2839 3296 a
2871 3243 2982 3318 pri-

1693 3332 1788 3370 mo
1810 3312 2005 3389 impari
2022 3314 2313 3389 quadratus
2327 3309 2563 3373 efficitur
2575 3357 2596 3387 ,
2627 3320 2678 3374 &
2698 3318 2982 3394 impariter

1693 3391 1889 3467 impar,
1917 3389 2052 3447 dum
2067 3391 2128 3446 in
2161 3406 2270 3447 tres
2304 3391 2581 3450 terniones
2612 3393 2979 3466 discinditur.,

1692 3485 1935 3544 quorum
1952 3464 2147 3546 finguli
2164 3468 2341 3524 rursus
2358 3469 2416 3524 in
2430 3486 2536 3527 tres
2555 3470 2788 3538 uniones
2803 3471 2980 3528 secan·-

1692 3561 1803 3601 tur.
1858 3543 2137 3619 Quamvis
2170 3539 2429 3602 nonnulli
2467 3546 2523 3604 id
2570 3547 2635 3605 ad
2678 3541 2983 3626 priscorum

1692 3620 2019 3699 opinionem
2051 3620 2344 3709 referant,⁴
2401 3623 2459 3679 ui
2483 3620 2844 3695 asseruerunt,
2886 3629 2984 3679 noss

1694 3716 1821 3755 vem
1864 3694 2116 3754 caelestes
2159 3698 2319 3754 orbes
2386 3715 2453 3755 ua
2484 3700 2988 3758 circumvolutione

1700 3771 1932 3832 muficos
1975 3773 2138 3832 sonos
2185 3772 2459 3847 d1vers03,
2515 3794 2679 3854 atque
2706 3775 2988 3834 distinctos

1699 3850 1950 3920 efficere,
1985 3850 2124 3908 alios
2153 3848 2379 3927 quidem
2411 3871 2600 3932 graves
2629 3872 2695 3910 ex
2728 3849 2992 3921 tardiori,

1696 3927 1827 3985 alios
1858 3926 1983 3985 vero
1999 3944 2185 3986 acutos
2211 3948 2277 3987 ex
2292 3928 2542 3986 celeriori
2559 3924 2992 4005 orbiumimpul-

1697 4003 1758 4062 su
1776 4045 1795 4076 ,
1811 4021 1980 4081 atque
1999 4022 2177 4064 motu.
2217 4007 2426 4064 Harum
2443 4004 2702 4083 Calliope
2721 4009 2990 4097 tanquam

1696 4099 1831 4143 natu
1881 4086 2115 4150 maxima
2148 4124 2170 4158 ,
2218 4098 2279 4143 ut
2324 4080 2661 4215 Jagxblichus
2719 4076 2990 4216 traditDad

2939 4176 2996 4213 ς..
