3470 4568
550 208 643 260 20
1335 182 1963 289 QErxnrr
2051 181 2412 259 V1-ra

964 323 1092 410 Ego
1123 320 1288 411 quim
1308 322 1494 408 genui
1510 371 1532 403 ,
1576 337 1707 386 tum
1739 320 2089 385 moriturum
2099 320 2256 400 scivi
2267 370 2288 404 ‚
2330 318 2415 393 &
2443 321 2499 384 ei
2527 322 2616 385 rei
2669 320 2864 403 ustnli.

965 405 1287 470 Praeter-ed
1314 405 1399 468 ad
1421 398 1658 491 Troiam
1691 404 1859 493 qudm
1889 400 2020 480 mist
2044 404 2109 467 ob
2136 402 2544 482 defendendam
2643 405 2894 468 raetiam
2907 452 2929 487 ,
3077 475 3090 485 ,
3160 413 3200 457 '³-

558 534 561 539 »
958 489 1215 553 Sciebam
1241 511 1333 552 me
1360 489 1425 551 in
1453 488 1818 568 mortiferum
1842 485 2052 549 bellum
2065 534 2084 567 ,
2123 508 2235 550 non
2260 488 2326 549 in
2355 487 2550 575 epulas
2590 489 2846 552 mittere.

549 575 842 642 Similiter
872 571 1148 656 Merope
1180 573 1486 637 rationem
1516 570 1729 652 affert,
1772 590 1883 633 cur
1918 570 1980 634 se
2012 567 2338 652 Cresphon
2374 590 2639 639 uxorem
2659 569 2944 651 duxerit,

960 655 1170 721 Duxit
1199 676 1442 717 uxorem
1453 652 1602 731 fibei
1618 702 1637 735 ,
1680 652 1924 715 liberum
1987 652 2327 733 uaesendAm
2361 653 2570 737 cauffia

549 740 699 806 Nec
728 741 954 825 absque
984 738 1298 803 venustate
1329 737 1711 803 Annibalem
1748 731 1888 801 κατ’
1912 669 2134 814 ἐξοχὴν
2161 758 2240 802 eo
2271 738 2452 802 versu
2483 738 2782 803 intellexit
2810 737 2912 801 lib.
2928 735 3120 800 incer.

963 821 1109 884 Heis
1172 842 1340 883 ernas
1346 818 1599 902 succidit
1622 818 1826 918 iniqua
1843 817 2106 904 superbia
2133 819 2347 884 Poeni,
2537 828 2550 831 “

551 904 798 971 Crebris
828 923 1085 988 quoque
1112 837 1555 968 sententiarum
1588 903 1926 967 luminibus
1957 922 2265 988 magnum
2288 903 2423 968 suis.
2482 903 2742 968 o'e‘matis
2775 902 3209 985 splendorem,

554 988 612 1052 ὅτ
644 990 1008 1075 dignitatern
1038 986 1337 1069 adjunxit.
1397 984 1572 1068 Quid
1602 986 1773 1049 enim
1805 984 2094 1048 illustrius
2123 987 2246 1050 dici
2279 923 2513 1066 poteK?
2554 985 2619 1051 in
2654 989 2756 1051 alt.
2791 985 2972 1053 Med.

1692 1101 1775 1115 ·-
1814 1066 1947 1154 quei
1983 1066 2151 1152 ipfius
2180 1065 2324 1141 szbei

964 1151 1201 1239 Sapiens
1234 1149 1485 1296 projffst
1522 1151 1722 1236 nequit
1748 1198 1768 1231 ,
1805 1148 2186 1238 nequicquam
2210 1150 2388 1236 sapit.

554 1232 639 1300 Et
655 1233 846 1322 Trag.
866 1237 1053 1299 incer.
1138 1234 1342 1313 Benef
1420 1254 1458 1294 a
1473 1282 1492 1315 ,
1534 1232 1682 1294 male
1711 1231 1895 1294 locata
1910 1281 1930 1315 ,
1972 1231 2278 1312 malefaela
2305 1232 2577 1296 arbitror.

557 1318 733 1400 Quid
752 1318 997 1383 verius?
1036 1315 1230 1402 Trag.
1248 1319 1435 1381 incer.
1517 1316 1756 1377 Amicus
1787 1330 1974 1378 certus
2003 1316 2067 1376 in
2095 1339 2159 1378 re
2189 1316 2408 1380 incerta
2438 1316 2714 1379 cernitur.

447 1421 527 1485 19
562 1400 717 1466 Item
733 1401 925 1486 Trag.
946 1400 1132 1465 incer.
1220 1397 1416 1461 Nulla
1424 1397 1635 1480 santia
1650 1397 1922 1480 societas,
1963 1397 2431 1484 velfidesregnei
2454 1400 2551 1481 est.

559 1484 733 1567 Quid
753 1483 1158 1566 prudentius?
1198 1480 1428 1548 Annal.
1453 1479 1548 1543 16.
1763 1513 1849 1529 ---
1886 1502 2003 1544 non
2027 1484 2106 1563 est
2117 1484 2218 1564 sat
2248 1481 2400 1544 bella.
2426 1502 2670 1546 movere.

559 1568 734 1651 Quid
768 1569 841 1634 ad
874 1567 1064 1633 animi
1096 1565 1590 1651 magnitudinem
1621 1565 2201 1630 accommodatius?
2241 1564 2471 1631 Annal.
2492 1581 2551 1648 7.

976 1646 1237 1711 Fortibus
1265 1648 1344 1730 est
1375 1644 1630 1711 Fortuna
1658 1646 1836 1709 vireis
1865 1646 2033 1710 data„

563 1732 737 1813 Quid
772 1732 848 1797 ad
880 1731 1195 1798 Fortunae
1225 1729 1732 1810 inconstantiam,
1770 1732 2251 1813 varietatemque
2277 1730 2742 1814 exprimendam
2759 1728 2971 1813 aptius
3002 1728 3027 1794 ἓ
3068 1727 3218 1797 An-

562 1818 685 1879 nal.
705 1812 763 1878 8.
1251 1847 1334 1861 ·-
1371 1812 1559 1873 multa
1587 1811 1705 1874 dies
1729 1813 1794 1874 in
1826 1811 1965 1875 bello
1997 1814 2218 1895 conficit
2248 1836 2414 1877 unus.
3125 1838 3130 1841 ·

975 1893 1063 1958 Et
1091 1898 1287 1973 rursus
1323 1893 1543 1956 multae
1573 1891 1852 1957 Fortunae
1865 1895 2025 1973 forte
2052 1896 2425 1960 recumbunt:

971 1976 1161 2040 Haud
1181 1975 1471 2064 quaqucim
1498 1988 1821 2064 quenquam
1836 1980 2064 2063 semper
2097 1975 2350 2041 Fortuna
2364 1978 2598 2065 seqnut’
2634 1977 2729 2061 est.

561 2057 646 2127 Et
678 2060 821 2126 ibid.
1282 2072 1366 2106 ‘-·-
1406 2057 1703 2121 mortalem
1731 2057 1983 2123 Fortuna
2010 2061 2240 2147 repente

975 2139 1253 2205 Reddidit
1269 2187 1289 2220 ,
1331 2155 1401 2203 ut
1413 2143 1643 2223 summo
1676 2140 1705 2202 ὲ
1737 2161 1906 2225 regno
1922 2142 2126 2222 famul
2150 2143 2410 2222 insumus
2439 2165 2470 2204 e
2513 2157 2588 2204 et.
2738 2176 2752 2182 -

562 2225 647 2293 Et
680 2225 908 2293 Annal.
925 2241 983 2301 7.
1067 2222 1213 2286 Non
1224 2226 1451 2309 semper
1482 2224 1671 2307 vostra
1703 2225 1917 2288 evortit
1937 2274 1956 2307 ‚
1998 2247 2149 2289 nunc
2168 2224 2443 2312 Juppiter
2510 2224 2579 2287 a‘c
2590 2224 2738 2306 stat.

564 2307 768 2376 Nunc
802 2309 951 2372 vero
983 2308 1204 2388 quibus
1238 2309 1442 2373 modis
1482 2306 1671 2373 animi
1701 2310 2182 2386 perturbationes
2215 2358 2236 2391 ,
2292 2327 2444 2390 quas
2492 2307 2716 2373 Graeci
2745 2302 2904 2386 πάθη
2933 2325 3173 2374 vocant
3193 2357 3218 2389 ‚

563 2391 951 2470 excitaverit,
991 2391 1446 2471 explicabimus.
1504 2388 1723 2454 Movit
1759 2394 1972 2470 pathos
2007 2392 2038 2454 a
2070 2395 2218 2455 loco
2250 2390 2461 2474 sacro,
2502 2391 2854 2475 violataque
2884 2393 3218 2479 religione,

564 2474 720 2540 cum
739 2475 801 2538 in
819 2473 1262 2539 Andromache
1278 2473 1391 2555 ait,
1555 2470 1713 2535 Fana
1732 2472 1986 2552 flamma
2015 2472 2365 2559 deflagrata,
2420 2478 2422 2480 ’

565 2555 649 2622 Et
1052 2554 1224 2634 Jovis
1253 2577 1421 2617 aram
1432 2555 1718 2701 sanffuine
1748 2555 1997 2642 turpari.
2663 2559 2732 2601 ’Ἄ

568 2642 631 2704 A
670 2639 984 2706 Fortunae
1017 2638 1405 2703 volubilitate
1427 2637 1504 2706 sle
1604 2642 1963 2706 elamonem
1995 2656 2482 2723 conquerentem
2515 2641 2798 2724 inducit,

978 2719 1100 2783 Pol
1131 2719 1308 2786 mihei
1340 2718 1590 2784 Fortuna
1620 2722 1804 2807 magis
1832 2744 1985 2785 nunc
2013 2722 2149 2804 defit
2168 2772 2185 2802 ,
2266 2723 2401 2785 ua'm
2418 2745 2623 2809 genus.

978 2801 1236 2890 Nanque
1265 2823 1504 2897 regnum
1517 2805 1854 2896 suppetebat
1875 2802 2053 2867 mihei
2069 2829 2086 2861 .-
2128 2819 2197 2866 ut
2243 2806 2360 2867 cias
2385 2821 2597 2892 quanto
2627 2807 2658 2867 e'
2686 2804 2796 2867 loco
2816 2854 2837 2886 ,

981 2884 1232 2974 Quantis
1260 2887 1452 2970 opibus
1465 2933 1482 2966 ,
1526 2886 1727 2972 quibus
1743 2883 1825 2948 'de
1855 2888 2021 2950 rebus
2053 2887 2205 2973 lapsa
2231 2884 2485 2952 Fortuna
2511 2886 2746 2952 occidat.

570 2969 869 3052 Queritur
902 2969 1055 3033 item
1085 2969 1438 3032 Alcmaeon
1462 3015 1482 3046 ,
1527 2967 1699 3049 quod
1727 2989 1800 3033 ex
1831 2971 2119 3051 prospera
2147 2969 2425 3036 Fortuna
2452 2971 2705 3036 tandem
2739 2970 2809 3034 lit

979 3047 1413 3112 Circunventus
1443 3050 1630 3112 morbo
1647 3100 1667 3132 ,
1707 3051 1902 3130 exsilio
1917 3101 1935 3133 ,
1977 3068 2152 3152 atque
2183 3052 2389 3137 inopia.

568 3133 719 3199 Nec
754 3134 981 3198 eodem
1011 3149 1174 3197 caret
1205 3130 1427 3197 affeetu
1461 3181 1480 3211 ,
1539 3132 1687 3198 cum
1725 3134 2002 3218 quisquis
2040 3140 2144 3200 ille
2178 3135 2361 3200 fuerit
2388 3184 2409 3217 ,
2466 3150 2597 3200 non
2638 3136 2756 3200 fine
2791 3134 3106 3200 stomacho
3141 3136 3210 3200 in

567 3219 903 3284 Ambracia
935 3216 1016 3280 ait
1031 3262 1052 3295 ,
1137 3213 1317 3298 Agros
1344 3214 1588 3277 audaces
1616 3215 1954 3303 depopulant
1966 3217 2162 3298 servei
2178 3267 2197 3297 ,
2238 3217 2594 3281 dominorum
2621 3218 2885 3281 dominei.
3033 3225 3038 3232 ⁴

568 3300 636 3365 A
670 3300 848 3380 visu,
891 3295 1041 3364 cum
1076 3296 1560 3364 Andromachen
1592 3298 1738 3366 facit
1774 3299 2113 3382 collapsae,
2154 3301 2557 3384 incensaeque
2588 3302 2813 3385 patriae
2844 3300 3089 3367 ruinam
3104 3302 3217 3368 dc—

570 3387 924 3467 plorantem
939 3427 958 3462 ,
1056 3379 1200 3446 Vidi
1239 3403 1335 3476 ego
1367 3395 1424 3442 te
1454 3381 1710 3463 adstante
1726 3399 1825 3469 ope
1857 3382 2184 3445 Barbarica

1075 3456 1298 3527 Tec‘lets
1329 3463 1593 3527 caelateis
1611 3514 1629 3547 ,
1671 3464 1984 3552 laqueateis
2025 3500 2143 3515 --·

571 3543 655 3611 Et
685 3547 897 3627 paullo
928 3546 1097 3630 post,
1181 3546 1346 3610 Haec
1370 3548 1559 3610 omnia
1590 3548 1717 3611 vidi
1749 3548 2129 3628 inflammari.

570 3628 734 3696 Item
750 3676 771 3710 ,
1075 3627 1239 3709 Vidi,
1281 3629 1586 3718 videreque
1612 3629 1773 3719 pffz
1791 3633 1928 3712 sum
1956 3629 2270 3716 aegerrime

612 3781 623 3786 ,
666 3784 670 3788 ,
1067 3712 1377 3776 Ηιέῖονεηι
1408 3734 1587 3775 curru
1613 3712 1888 3802 quadriju
1925 3738 1953 3776 o
1983 3716 2286 3800 raptarier.

571 3791 722 3859 Nec
755 3791 1050 3860 diffimilis
1089 3797 1170 3860 est
1202 3799 1310 3864 illa
1338 3793 1604 3877 Telephi
1640 3816 1889 3878 conque
1942 3798 2043 3880 io,

980 3876 1071 3940 Et
1101 3878 1401 3942 civitatem
1433 3878 1596 3941 video
1626 3880 1919 3965 Argivum
1945 3880 2251 3945 incendier.

572 3954 814 4028 Excitat
845 3958 1091 4042 insuper
1130 3960 1161 4024 a
1200 3962 1711 4039 vestimentorum
1740 3964 2061 4045 squalore,
2104 3962 2164 4027 ἀ
2194 3964 2492 4032 foeditate
2525 3965 3177 4049 conuniserationem,

458 4067 539 4113 20
988 4042 1257 4130 Regnum
1288 4040 1501 4131 reliqui
1507 4044 1709 4128 septus
1739 4043 1986 4110 mendici
1999 4043 2171 4130 stola.
3105 4132 3159 4198 E

885 4168 896 4177 ·
1018 4193 1021 4196 ,
3164 4151 3223 4220 t,
