3470 4568
994 252 1174 333 Ex
1269 246 1431 332 VI.
1541 253 2173 335 ANNAL1.

1363 395 1474 454 the!

348 458 766 572 Incedunt:
803 459 1096 550 arbusta
1129 460 1417 578 peralta
1450 460 1813 549 securibu’
1845 460 2169 549 caedunt
2185 469 2215 559 ,’

375 692 499 748 em,
546 693 690 754 quae
722 676 991 738 Numidia
1012 674 1355 757 appellatur,
1383 679 1534 737 inco·

276 768 381 810 unt
406 770 427 820 3
481 751 679 812 verum
706 754 874 813 etiam
905 752 999 814 alii
1028 756 1106 814 rei
1131 756 1412 834 pecuariae
1452 755 1533 813 in·

238 828 570 889 cumbentes
601 828 713 891 ἀπὶ
746 833 840 893 rii»
871 835 1024 901 νομὸυ
1041 873 1063 905 ,
1092 848 1153 891 ut
1169 831 1404 910 Scythae
1416 832 1533 890 No·

236 906 433 966 mades
469 905 617 986 apud
661 907 1013 968 Herodotum
1062 908 1210 968 libro
1240 911 1285 967 Ι.
1314 909 1536 968 &libro

234 984 377 1044 vn.
401 983 639 1062 Sagartii
655 985 963 1048 Nomades.
1002 987 1185 1046 Latini
1211 1006 1239 1041 o
1267 986 1329 1045 in
1361 1005 1398 1044 u
1421 1002 1535 1064 ver·

238 1078 433 1120 tentes
458 1061 738 1119 Numidas
762 1061 976 1121 dicunt.
1042 1063 1259 1122 Plinius
1289 1062 1331 1121 l.
1350 1080 1401 1134 5.
1418 1081 1465 1121 c.
1482 1083 1539 1140 3.

237 1137 308 1197 de
355 1138 512 1194 Afris
565 1139 918 1200 Nomadibus
940 1182 963 1212 ,
1032 1139 1101 1199 de
1143 1141 1343 1218 quibus
1386 1159 1534 1199 nunc

234 1212 417 1276 Po'e'ta
444 1213 704 1292 loquitur
717 1258 741 1287 ,
777 1219 886 1286 ait,
925 1218 1184 1276 Numidae
1197 1218 1317 1276 ‘tm-*o
1342 1226 1532 1275 Noma-

235 1293 326 1350 des
358 1289 400 1348 ιὶ
417 1294 775 1366 permutandis
792 1292 988 1370 pabulis
1005 1317 1022 1349 .-
1063 1293 1289 1371 mapalia
1305 1297 1427 1368 sua,
1445 1295 1535 1352 hoc

241 1373 327 1428 ef!
342 1368 516 1427 dmm
530 1408 554 1441 ,
580 1368 826 1446 plaustris
851 1372 1264 1443 circumferentes.
1301 1372 1537 1431 Videtur

250 1461 441 1502 autem
467 1464 535 1503 ex
555 1444 639 1504 his
665 1447 847 1518 verbis
873 1447 1082 1507 bellum
1114 1449 1392 1508 Punicum
1427 1447 1536 1507 hoc

253 1519 402 1580 libro
427 1519 594 1582 Poeta
617 1521 877 1602 scripfiffe
894 1566 916 1596 ,
969 1529 1022 1584 Bt
1070 1524 1160 1583 hic
1185 1524 1367 1584 versus
1395 1525 1535 1584 refe·

251 1597 454 1657 rendus
477 1597 543 1657 ad
570 1598 745 1672 illud,
802 1600 955 1678 quod
986 1600 1055 1660 de
1084 1604 1362 1662 Hannone
1402 1605 1534 1659 Car-

249 1674 592 1754 thaginiense
621 1696 894 1738 memorat
922 1677 1190 1756 Polybius
1220 1678 1320 1737 lib.
1353 1698 1404 1736 1.
1435 1680 1533 1754 qui

243 1772 377 1812 cum
410 1752 624 1813 videret
653 1755 714 1811 in
746 1758 1130 1814 Romanorum
1174 1757 1349 1834 copiis
1373 1755 1532 1813 vehe-

244 1846 465 1892 menter
480 1831 835 1892 mortiferum
853 1832 1110 1890 morbum
1140 1831 1535 1927 ingravescere,

244 1926 455 1985 eosque
500 1906 713 1968 fitmmi
740 1927 925 1969 rerum
964 1905 1374 1968 necessariarum
1414 1910 1536 1966 ino·

247 1983 344 2063 pia
381 1984 663 2052 laborare·,
716 1985 914 2046 contra
942 1985 1075 2045 verb
1101 1985 1227 2046 suos
1251 1985 1319 2044 ad
1350 1985 1533 2044 conse-

253 2059 454 2119 rendas
482 2079 665 2120 manus
689 2080 978 2141 promptos
1005 2104 1026 2134 ,
1083 2079 1404 2155 paratosque
1441 2083 1554 2120 co·

258 2134 581 2215 gnosceret,
617 2140 810 2197 coastis
837 2139 983 2198 ultrei
1009 2141 1405 2218 quinquaginta
1427 2139 1532 2198 cle-

257 2210 479 2293 phantis
507 2255 529 2286 ,
576 2217 876 2275 exercitum
915 2235 1144 2274 omnem
1174 2234 1244 2277 ex
1272 2215 1535 2275 Heraclea

253 2290 445 2350 eduxit
468 2312 485 2347 τ
539 2290 801 2371 jubetque
832 2294 1096 2352 Numidis
1120 2295 1430 2372 equitibus,
1471 2311 1534 2352 ut

243 2367 608 2446 praecedant,
663 2375 715 2429 &
746 2390 877 2430 cum
905 2370 1150 2430 hostibus
1174 2372 1532 2452 congredien-

242 2461 325 2503 tes
344 2487 367 2519 ,
403 2445 590 2523 quoad
616 2444 733 2505 fieri
761 2444 968 2527 poffet,
1009 2468 1202 2507 eorum
1227 2451 1442 2524 equites
1465 2447 1534 2508 ad

239 2540 489 2602 pugnam
516 2519 767 2582 lacessant
785 2544 801 2580 ε
820 2523 1041 2586 ‚deinde
1070 2523 1319 2584 fimulatil
1359 2525 1494 2604 fligi
1511 2567 1533 2597 ,

238 2615 396 2694 terga
428 2617 686 2672 vertant,
704 2610 806 2659 nec
822 2598 975 2679 prius
1006 2602 1195 2694 fugam
1211 2623 1269 2661 re
1311 2603 1533 2673 rimant,

241 2695 415 2755 quam
459 2675 571 2737 sese
599 2677 669 2735 ad
699 2675 875 2756 ipsum
910 2678 1196 2756 recipiant.
1337 2679 1535 2736 eminit

229 2750 408 2814 &hm
423 2753 698 2815 Pindflrus
714 2754 845 2815 Ode
859 2756 960 2813 IX.
994 2755 1160 2834 Pyth.
1185 2752 1407 2825 νομάδων
1440 2756 1529 2814 ἱπ-

247 2854 538 2967 'mss-‘rau
580 2926 805 2977 qua-rn-
845 2926 1078 2968 nasuta
1120 2909 1415 3041 rusam?
1465 2907 1534 2967 E·

248 2980 463 3044 locutio
490 2986 678 3044 Ennio
706 2985 1011 3045 familiari&
1048 2983 1203 3045 Idem
1223 2987 1380 3043 Anna
1409 3023 1425 3040 .
1443 2985 1496 3040 8.

137 3075 234 3131 126
295 3064 696 3153 „Consequimn
723 3064 926 3141 summo
946 3064 1118 3141 sonim
1146 3064 1317 3141 quatit
1346 3058 1535 3136 ungula

317 3301 370 3351 lt
400 3312 559 3371 equs
576 3335 598 3365 ,
636 3312 706 3358 (ν’
724 3293 911 3372 plaufie
938 3310 1071 3353 cava
1098 3298 1315 3351 roncum
1339 3288 1528 3366 ungula

235 3446 342 3506 vir
380 3386 725 3527 nzuss‘ffli..
745 3450 1049 3506 immutatis
1069 3444 1112 3503 1.
1131 3449 1184 3503 s.

373 3525 963 3603 udrupedaenteputrem
971 3526 1141 3601 sonitu
1157 3523 1322 3601 quasit
1341 3521 1530 3597 ungula

239 3676 308 3736 Et
336 3614 723 3738 1512.i¹<⁸‚'.''p“”''

319 3756 824 3889 ζωνκάυωςω
838 3768 1042 3831 putrem
1072 3753 1215 3831 curfic
1240 3753 1411 3832 quatit
1438 3771 1531 3810 un·

245 3906 453 3967 Statius
509 3909 582 3967 ·b.
600 3852 740 3968 6⁶.ss
766 3852 878 3968 eug,

525 3985 844 4063 snitgraevis
871 3982 1058 4059 ungula
1083 3996 1334 4061 campum.

325 4060 673 4121 Incunuur:
730 4079 987 4121 ansusn
1029 4066 1343 4137 nnat-ra]
1412 4062 1525 4119 Ro·

250 4138 401 4198 mani
445 4137 741 4219 postquam
779 4137 1048 4201 Numidas
1071 4140 1285 4217 equites
1317 4136 1525 4200 temere

2805 264 2915 359 67

2608 443 2752 498 Idem
2777 447 2812 497 1.
2833 454 2879 499 6.

2610 526 2653 562 c.
2673 528 2719 566 ι.

1616 677 1933 757 insequuti,
1988 675 2059 737 eo
2128 692 2463 741 ervenerunt
2494 717 2517 750 ,
2570 678 2666 737 ubi
2709 679 2911 737 Hanno

1617 773 1748 814 cum
1774 755 1949 834 copiis
1979 753 2089 814 late
2128 774 2218 827 at,
2257 755 2495 851 cognitis
2524 754 2760 825 insidiis,
2799 775 2908 814 ma-

1620 831 1737 911 gnit
1760 830 1986 910 acceptia
2018 832 2206 903 clade,
2235 831 2288 893 se
2316 856 2374 893 ιη
2405 832 2593 909 fugam
2625 850 2910 892 converte·

1621 925 1772 968 runt.
1815 906 2297 988 Carthaginienses
2314 924 2500 972 autem
2517 913 2730 968 Torum
2749 929 2907 968 mon-

1620 1003 1735 1045 tem
1767 1003 2107 1063 occupatunt
2136 1029 2155 1057 ,
2204 988 2305 1064 qui
2334 990 2527 1045 decem
2570 983 2684 1042 fere
2729 986 2905 1045 stadiis

1620 1063 1686 1121 ab
1733 1061 1976 1121 hostiurn
2021 1063 2204 1122 castris
2243 1065 2425 1124 aberat
2457 1105 2477 1133 ,
2541 1062 2730 1140 ibique
2773 1062 2905 1124 cum

1621 1138 1838 1198 duobus
1863 1135 2135 1198 mensibus
2164 1141 2493 1203 commorati
2523 1138 2690 1197 effent
2715 1180 2737 1210 ,
2791 1161 2903 1202 me·

1622 1215 1803 1275 mori&
1829 1214 1977 1274 nihil
2002 1215 2234 1297 dignum
2264 1221 2476 1298 gestum
2504 1215 2600 1275 est.
2652 1217 2905 1278 Tandem

1619 1293 1840 1352 collatis
1872 1291 2035 1372 fignis
2064 1337 2085 1367 ,
2144 1297 2383 1369 HannO,
2425 1300 2477 1354 &
2510 1292 2661 1352 Cois.
2693 1295 2753 1354 in
2793 1294 2906 1376 pla·

1617 1373 1815 1430 nitiem
1845 1370 2086 1430 educunt
2109 1375 2292 1451 copias
2308 1416 2324 1445 ,
2368 1376 2429 1431 δε
2454 1369 2582 1432 cum
2598 1373 2796 1431 acriter
2810 1374 2905 1433 diu

1622 1449 1885 1526 utrinque
1901 1467 2206 1529 pugnatum
2239 1446 2367 1509 ess'et
2382 1493 2402 1521 ,
2418 1448 2650 1508 vistoriti
2666 1451 2903 1509 Romani

1695 1526 1784 1594 titi
1813 1525 1971 1594 sunt3
2010 1529 2109 1601 qui
2134 1525 2392 1604 postridie
2422 1527 2791 1605 Agrigentum
2817 1546 2907 1583 ur-

1688 1622 1744 1660 m
1774 1599 2256 1679 locupletissimam
2284 1603 2351 1660 ab
2370 1600 2679 1672 Annibale,
2720 1602 2903 1679 despe-

1617 1681 1749 1737 ratis
1779 1678 1886 1755 jam
1926 1678 2086 1736 rebus
2118 1678 2363 1737 reliEiam
2396 1721 2417 1750 ,
2472 1679 2532 1736 in
2563 1677 2760 1770 populi
2790 1683 2902 1737 Ko-

1619 1755 1768 1832 mani
1795 1753 2064 1813 ditionem
2096 1755 2445 1839 redegerunt.
2501 1758 2605 1814 His
2634 1755 2796 1813 rebus
2823 1755 2901 1814 se·

1618 1830 1812 1891 cundis
1839 1871 1861 1903 ,
1923 1829 2301 1912 prosperisque
2346 1832 2474 1893 elati
2521 1836 2903 1892 Romanorum

1616 1909 1822 1981 animi,
1873 1908 2108 1968 omnino
2136 1908 2167 1969 ὲ
2201 1909 2387 1970 Sicilia
2416 1910 2904 1990 Carthaginienses·

1615 1984 1899 2063 expellere
1927 1985 2317 2055 decreverunt;
2360 1989 2661 2063 creatisque
2691 1991 2903 2046 Romae

1615 2064 1777 2121 novis
1817 2061 2156 2120 Consulibus
2194 2069 2260 2123 L.
2291 2063 2516 2120 Valerio
2542 2062 2740 2120 Flacco
2769 2105 2790 2133 ,
2844 2070 2901 2121 δε

1613 2141 1685 2197 T.
1701 2138 1982 2214 octacilio
2010 2136 2228 2213 Craffo,
2268 2158 2396 2197 cum
2426 2157 2629 2217 magno
2653 2138 2902 2199 militurn

1614 2216 1833 2275 delectu
1858 2216 1919 2273 in
1949 2215 2191 2275 Siciliam
2225 2213 2656 2297 proficiscuntur.
2725 2217 2902 2276 Cum·

1614 2312 1724 2371 que
1752 2291 2128 2372 cognovissent
2156 2295 2360 2354 Poenis
2389 2294 2588 2353 multas
2604 2296 2900 2355 maritimas

1614 2373 1867 2429 civitates
1900 2371 2054 2431 claffe
2083 2374 2391 2450 perterritas
2417 2368 2699 2432 adbaefiffe
2726 2416 2749 2446 ,
2800 2373 2902 2432 sta·

1613 2464 1843 2507 tuerunt
1867 2449 1937 2507 ad
1952 2449 2138 2508 Italiae
2165 2469 2318 2509 oram
2350 2447 2640 2522 tuendam,
2684 2454 2737 2508 &
2754 2450 2901 2509 Afri·

1614 2544 1734 2584 cam
1760 2526 2060 2585 vexandam
2078 2566 2092 2588 ‚
2132 2525 2346 2585 claffem
2371 2527 2716 2595 construer03
2742 2528 2897 2605 quod

1613 2604 1882 2662 Romanis
1924 2599 2182 2662 hactenus
2214 2601 2526 2661 inusitatum
2560 2603 2737 2660 fuerat
2765 2624 2779 2658 t
2833 2622 2899 2662 ac

1613 2697 1687 2737 eo
1724 2680 1968 2756 primum
2011 2696 2124 2737 tem
2202 2698 2262 2736 re
2302 2678 2607 2747 triremes,
2648 2681 2698 2734 δι
2734 2679 2902 2754 quin·

1614 2772 1906 2832 quet-emes
1928 2754 2116 2811 exaedi
2159 2772 2280 2811 care
2302 2769 2623 2829 coeperunt.
2664 2754 2800 2831 Qa
2826 2753 2900 2814 de

1617 2850 1676 2889 re
1702 2829 1863 2909 plura
1893 2828 2156 2907 Polybius
2183 2828 2225 2886 1.
2247 2848 2297 2887 1.
2337 2830 2506 2886 Unde
2536 2847 2652 2885 non
2685 2829 2898 2891 temere

1615 2906 1980 2983 conjicimus,
2023 2904 2118 2966 hic
2154 2905 2196 2964 li
2239 2924 2441 2963 norum
2477 2923 2789 2984 apparatum
2824 2908 2894 2968 ad

1617 2983 2037 3044 construendam
2079 3004 2110 3044 c
2205 3004 2293 3042 em
2334 2979 2487 3041 fuiffe
2540 2982 2892 3063 descriptum.

1615 3063 1781 3122 Ennii
1820 3080 2007 3122 autem
2054 3062 2216 3121 verba
2252 3060 2509 3119 videntur
2547 3079 2613 3119 ex
2645 3064 2895 3121 Homero

1617 3140 1739 3198 sum
1775 3156 1827 3197 ta
1842 3182 1863 3211 ‚
1903 3143 2003 3217 qui
2018 3139 2087 3198 de
2100 3138 2359 3198 arborum
2380 3135 2642 3196 incifione
2655 3138 2895 3215 loquens

1616 3216 1685 3275 ad
1717 3160 2032 3276 gciendum
2070 3235 2269 3295 rogum
2306 3215 2368 3270 in
2416 3213 2613 3271 funere
2649 3215 2891 3275 Patrocli

1618 3292 1695 3351 ait
1719 3291 1880 3350 Iliad.
1909 3305 1973 3351 Ψ.

1683 3369 1841 3427 Α’λλ’
1860 3368 1943 3427 ’σ’τε
1976 3368 2039 3435 dni
2072 3368 2274 3441 κνημοὺς
2291 3362 2555 3445 προσίζειν
2586 3366 2891 3427 πολυπίδα-

1782 3478 1789 3483 ’
1839 3472 1922 3513 ’ut
1953 3445 2099 3516 ἰ’δης,

1686 3525 1876 3581 Αὖτίκ’
1890 3522 1995 3620 R‘pae
2010 3522 2122 3601 δρῦς
2138 3522 2428 3596 ὑψικόμους
2441 3523 2682 3585 uranx-'2
2693 3529 2893 3596 χαλκῷ

1689 3600 1885 3672 ‘rimu
1920 3601 2278 3672 σκεψόμενοι,
2318 3600 2411 3656 ταί
2439 3597 2496 3657 δὲ
2516 3598 2738 3671 μεγάλαι
2769 3626 2889 3657 xvv·

1846 3676 2071 3736 ori-vom
2087 3719 2110 3749 ,

1688 3755 1889 3813 nix-u»
2491 3803 2501 3812 .

1610 3831 1721 3891 Sed
1752 3830 1850 3890 illa
1875 3832 2117 3889 Maronis
2145 3830 2214 3889 de
2251 3830 2446 3891 funere
2473 3829 2669 3890 Miseni
2712 3829 2884 3909 longe

1610 3907 1868 3987 politiora
1882 3950 1901 3980 ,
1940 3906 2358 3987 augustioraque
2385 3907 2509 3967 sunt
2531 3906 2571 3964 l.
2588 3917 2643 3963 6.

1692 3989 1873 4043 Burin
1887 3988 2158 4063 antiquam
2172 3983 2371 4062 filvam
2393 3982 2597 4059 stabula
2612 3981 2724 4037 alta
2749 3984 2884 4057 sera·

1839 4082 1975 4120 rum-

1682 4139 2021 4199 Procumbunt
2029 4139 2193 4218 piceae
2207 4138 2376 4268 :Iftmat
2392 4137 2493 4195 ieta
2498 4132 2747 4211 securibus
2762 4131 2885 4272 ἕως,

2304 4232 2334 4267 2.
2803 4232 2825 4264 Γ
2830 4232 2889 4267 ἦ·
