3470 4568
886 181 1064 261 Ex
1174 184 2139 267 EPICHARMO.

1301 313 1409 370 roe,

285 377 531 464 Terra
567 402 847 490 corpus
882 378 1027 465 est:
1086 405 1168 464 at
1204 389 1483 466 mentis
1522 390 1717 497 ignis
1754 383 1883 470 ess:

1293 492 1401 549 roe,

283 553 511 646 Isteic
546 552 641 640 de
676 554 852 644 Sole
886 554 1239 676 sumptus
1275 566 1490 672 igniS.
1577 591 1580 594 ·

255 775 467 833 Τειιιιᾼ
510 787 732 830 contus
770 791 912 845 EST,
963 793 1035 833 Ατ
1061 792 1282 834 manns
1307 792 1470 836 muns

169 856 332 928 zsr]
372 853 694 908 Humanum
726 854 1236 929 corpus,quamvis
1250 871 1319 911 ex
1335 871 1470 930 qua·

169 945 302 986 tuor
337 925 630 985 elementis
662 927 1039 1006 compactum,
1082 948 1145 988 ac
1173 949 1467 1010 coagmen·

171 1021 354 1063 tatum
387 1002 486 1076 fit,
527 1020 812 1061 terrenum
842 1021 1028 1065 tamen
1051 1005 1251 1066 dicitur
1267 1049 1288 1079 ,
1328 1028 1466 1100 quo-

172 1083 322 1140 niam
368 1078 500 1140 etim
529 1078 875 1153 dissolvitur,
902 1083 963 1140 in
1005 1100 1203 1144 terram
1246 1081 1464 1164 potuis,

174 1159 346 1237 quam
401 1159 463 1215 in
513 1174 725 1218 caetera
776 1158 1053 1220 elementa
1104 1162 1464 1221 convertitur.

174 1240 339 1295 Mens
369 1231 502 1293 vero
515 1275 537 1306 ,
555 1236 822 1312 quoniam
850 1236 1020 1295 nullis
1047 1237 1124 1297 est
1151 1240 1463 1316 corruptio·

176 1313 344 1370 nibus
377 1312 649 1383 obnoxia,
689 1312 1014 1390 sempiterna
1032 1315 1126 1371 est.
1166 1315 1464 1375 Caeterum

179 1390 328 1469 ignis
353 1387 460 1445 hoe
491 1387 622 1446 loco
649 1409 769 1447 non
799 1391 1140 1451 elementaris
1161 1393 1236 1451 est
1261 1392 1471 1466 intelli-

180 1465 512 1599 gendus,qui
525 1464 728 1525 affidue
747 1486 1058 1545 generatur,
1077 1472 1469 1548 corrumpitur·

180 1563 326 1622 que,
367 1540 421 1600 se
489 1542 800 1621 puriffimus
838 1544 938 1603 ille
979 1543 1205 1618 aether,
1245 1550 1463 1619 tenuis,

179 1638 239 1677 ae
270 1619 605 1699 pellucidum
691 1623 817 1679 Nec
862 1621 1011 1680 aliud
1040 1628 1195 1682 Zeno
1222 1625 1467 1683 Cittieus

182 1697 642 1775 apudVarronem
673 1695 873 1757 l.2.de
889 1696 1124 1758 liu.Lat.
1156 1700 1468 1781 intelligere

184 1773 368 1831 voluit
382 1771 540 1845 ,cum
556 1774 694 1833 dixit
708 1813 724 1837 ‚
744 1774 1064 1834 animalium
1075 1775 1263 1836 semen
1279 1779 1468 1857 ignem

186 1849 686 1929 efle,eundcmque
715 1853 953 1911 animam
983 1856 1035 1912 8<
1067 1872 1332 1914 mentem.
1349 1859 1470 1913 Un-

188 1925 352 1986 deait
385 1929 468 1984 M.
501 1929 702 1986 Cicero
731 1930 793 1986 in
825 1947 876 1987 1.
901 1928 1063 1988 Tusc.
1107 1934 1294 1988 Zenoni
1314 1936 1471 1988 Stoico

186 2007 390 2061 animus
422 2006 549 2077 ignis
574 2006 795 2064 videtur.
837 2007 905 2063 In
934 2025 1042 2084 qua
1071 2004 1336 2066 sententia
1364 2008 1472 2066 fuit

189 2081 362 2137 etiam
393 2081 773 2157 l-lipparchus3
829 2102 972 2161 quos
1015 2082 1274 2161 sequutus
1313 2088 1470 2144 Maro

191 2154 236 2215 1.
252 2164 309 2215 ὅ.
345 2158 569 2233 inquit,

258 2242 435 2310 Igneus
466 2232 533 2305 est
546 2233 653 2292 ollis
668 2238 808 2312 vigor
825 2278 846 2309 ,
886 2254 955 2301 ω’
973 2235 1180 2311 caelestis
1196 2240 1324 2315 origo

262 2310 544 2368 Seminibus
670 2322 678 2328 ’

192 2386 438 2446 Pertinet
457 2406 786 2481 magnopere
800 2388 866 2447 ad
898 2390 1046 2450 hunc
1063 2390 1373 2469 Epicharmi
1390 2390 1473 2449 lo·

195 2482 320 2522 cum
352 2466 574 2523 Pacuvii
606 2465 793 2526 versus
817 2487 888 2525 cx
917 2467 1161 2546 Chryse,

266 2549 443 2600 Mater
459 2541 526 2615 est
541 2558 681 2601 terra
690 2585 712 2615 ,
723 2564 783 2601 ea
794 2546 934 2621 parit
951 2559 1138 2622 corpus,
1148 2547 1381 2603 animum
1393 2562 1472 2601 ae·

423 2618 542 2675 ther
566 2620 795 2697 adjugat.

201 2698 386 2756 Mente
429 2696 602 2774 igitur
640 2696 815 2756 homo
845 2698 1067 2757 caeteris
1110 2698 1334 2776 praestat
1363 2699 1477 2757 ani·

202 2773 449 2831 malibus.
525 2775 603 2830 Ea
635 2776 788 2832 enim
811 2777 1062 2833 omnium
1088 2776 1166 2833 est
1195 2774 1481 2846 sensuum,

201 2851 523 2925 animaeque
553 2867 750 2929 caput:
784 2849 898 2910 imo
919 2853 1100 2910 anima
1127 2853 1371 2920 animae,
1400 2849 1483 2909 so·

203 2924 364 3002 laque
399 2926 763 2998 immortalis,
802 2930 1034 3006 vivaque
1061 2931 1121 2985 in
1150 2927 1370 2986 mortali
1386 2927 1485 2985 ho·

204 3005 354 3060 mine
385 3005 493 3061 Dei
527 3005 744 3084 imago:
800 3024 967 3083 quam
996 3004 1032 3063 fi
1062 3004 1322 3064 mundam
1360 3006 1488 3081 quis

207 3078 498 3151 habuerit,
552 3097 614 3138 ut
652 3079 801 3139 idem
850 3082 1074 3142 testatur
1100 3083 1489 3159 Epicharmus,

208 3172 331 3214 toto
361 3157 469 3213 etit
516 3157 752 3217 mundus
801 3179 1053 3237 corpore.
1133 3160 1265 3234 Ejus
1307 3175 1489 3217 autem

205 3234 382 3291 verba
409 3233 511 3289 hae
537 3232 691 3303 sunt3
731 3240 954 3313 Καθαρέυ
981 3236 1055 3293 τὸν
1088 3242 1188 3294 νοῦν
1224 3237 1306 3293 ἐὰν
1325 3236 1452 3311 ’ἔχῃς
1471 3276 1491 3306 ,

205 3309 358 3366 ὅταν
394 3306 447 3363 τὶ
476 3314 623 3381 σῦμα
647 3313 875 3387 καθαρὸν
907 3309 971 3371 εἷ.
1069 3314 1271 3371 Mentis
1306 3329 1492 3372 autem

207 3385 320 3443 hoc
352 3382 486 3443 loco
515 3391 746 3469 antiquo
776 3410 929 3448 more
956 3391 1015 3446 in
1044 3389 1190 3448 resto
1209 3388 1493 3467 politaest,

210 3479 272 3520 ut
299 3461 602 3523 Priscianus
627 3466 666 3523 1.
685 3468 741 3535 7'.
763 3466 1029 3546 agnoscit.

291 3540 495 3599 istnc
543 3560 616 3601 na
661 3562 797 3601 sota
839 3561 1102 3602 sumptus
1142 3543 1356 3619 roms]
1414 3543 1496 3599 M.

210 3617 392 3674 Varro
424 3618 493 3675 de
522 3637 709 3677 mente
750 3619 988 3678 humana
1029 3619 1083 3675 id
1108 3616 1315 3675 dictum
1356 3613 1497 3688 effe,

210 3692 433 3751 scribit:
476 3695 804 3773 videturque
820 3697 1056 3775 apertis,
1090 3695 1497 3773 perspicuisque

213 3771 404 3828 verbis
432 3772 819 3845 Epicharmus,
861 3774 968 3832 sive
998 3773 1203 3831 Ennius
1230 3771 1338 3831 hoc
1367 3772 1497 3830 loco

214 3844 562 3922 expreffisse,
604 3849 757 3926 quod
796 3851 952 3927 prisci
997 3849 1077 3907 iili
1109 3853 1270 3908 Vates
1300 3890 1319 3919 ,
1359 3868 1501 3925 quos

215 3923 550 4004 'l'heologos
589 3928 885 4006 appellavit
915 3926 1258 4002 Antiquitas,
1297 3923 1391 3983 sub
1433 3927 1507 3984 fa·

110 4025 199 4065 2⁸0
213 4000 481 4059 bularum
498 4003 556 4060 in
570 4021 894 4097 tegumento
911 4004 977 4062 de
996 4002 1326 4061 Prometheo
1353 4001 1510 4082 figni-

210 4075 457 4139 ficarunt
483 4098 506 4150 3
560 4098 661 4158 qur
688 4079 817 4141 cum
849 4102 918 4142 ex
945 4081 1067 4141 luto
1096 4081 1404 4140 inanimum
1437 4079 1512 4140 ef·

2664 204 2704 264 ¹
2722 199 2832 288 75

2529 409 2646 466 nis.
2676 377 2764 464 lib.
2787 429 2835 473 7.

2358 566 2367 573 ·
2473 579 2479 585 .
2533 540 2833 604 Vnr.}.4.de

2530 607 2622 655 lin.
2640 611 2754 658 Lat.

1545 773 1779 835 finxisset
1822 775 2149 851 hominem,
2204 779 2460 839 MInerva
2499 779 2681 857 operis
2710 774 2833 854 pul·

1545 853 2244 926 ebitudinem-admirata,
2275 856 2452 914 fertur
2481 857 2532 914 ei
2563 850 2835 932 quicquid

1545 951 1616 991 ex
1650 931 1971 990 caelestibus
2013 933 2177 990 rebus
2207 933 2410 1001 vellet,
2452 928 2836 1010 spopondisse,

1547 1026 1608 1066 ut
1634 1007 1791 1084 quod
1824 1008 1943 1065 tam
1971 1008 2291 1067 mirabiliter
2308 1007 2659 1066 inchoaverat
2677 1026 2831 1084 ,per-

1548 1083 1745 1144 feffius
1775 1083 2056 1145 absolvere
2079 1082 2272 1163 poffet.
2331 1086 2597 1160 Cumque
2627 1086 2834 1142 Miner·

1549 1180 1652 1221 vae
1684 1181 1791 1240 ope
1822 1160 1889 1220 ad
1913 1161 2135 1221 eaelum
2159 1153 2394 1220 sublatus
2421 1157 2583 1232 effer,
2623 1160 2835 1217 omnia·

1589 1257 1658 1297 ue
1685 1239 1763 1297 ibi
1794 1236 2031 1298 flammis
2055 1237 2390 1298 coruscantia
2418 1239 2655 1296 animata
2695 1255 2830 1294 con-

1569 1317 1891 1395 piceret,ut
1921 1314 2078 1376 suum
2107 1319 2272 1375 etiam
2298 1336 2436 1394 opus
2451 1313 2710 1376 flammeo
2727 1311 2837 1370 illo

1549 1412 1749 1471 vapore
1775 1395 2077 1466 animaret,
2132 1393 2305 1453 strala
2333 1393 2398 1451 ad
2431 1391 2579 1452 Solis
2612 1410 2835 1449 currum

1548 1471 1767 1529 admota
1808 1471 1996 1548 ignem
2054 1470 2184 1530 inde
2230 1469 2552 1528 mortalibus
2603 1467 2836 1538 detulit,

1546 1546 1772 1624 sistique
1811 1545 2057 1606 hominis
2100 1548 2308 1624 pestori
2354 1546 2657 1624 applicato,
2701 1564 2835 1601 mox

1546 1625 1847 1683 animatum
1875 1623 2130 1681 reddidit.
2170 1623 2285 1682 Sed
2310 1621 2449 1679 hacc
2491 1639 2671 1679 merae
2711 1620 2837 1677 sunt

1547 1719 1759 1779 nugae:
1796 1717 1926 1757 nam
1954 1698 2198 1758 hominis
2227 1718 2385 1758 mens
2409 1716 2592 1776 neque
2625 1696 2838 1768 aether,

1550 1796 1733 1854 neque
1761 1777 1904 1854 ignis
1930 1777 2006 1836 est
2021 1820 2042 1849 ,
2080 1796 2263 1855 neque
2293 1796 2363 1835 ex
2381 1776 2514 1836 Sole
2546 1775 2710 1834 habet
2726 1776 2837 1832 ori·

1551 1855 1772 1988 ginem,
1811 1852 1941 1913 cum
1979 1872 2043 1912 ea
2073 1857 2258 1914 munis
2288 1873 2482 1932 expers
2521 1852 2765 1911 materiei
2805 1850 2842 1912 ὲ

1577 1951 1608 1987 ιι
1650 1929 1923 1990 ercaelesti
1954 1931 2057 1990 illo
2088 1932 2235 1990 Solis
2251 1931 2419 2001 Sole,
2475 1932 2531 1988 ui
2566 1926 2840 1987 inacceffi·

1552 2007 1605 2064 bi
1664 2029 1724 2068 m
1750 2006 1935 2066 lucem
1953 2008 2195 2079 habitat,
2234 2028 2303 2065 ex
2329 2007 2448 2063 nihi
2470 2027 2513 2062 o
2540 2022 2717 2063 creata
2743 2003 2839 2069 fit3

1553 2085 1648 2143 sed
1689 2082 1876 2163 potitis
1914 2084 2047 2142 haec
2091 2082 2457 2160 Epicharmi,
2510 2080 2619 2139 five
2674 2081 2840 2137 Ennii

1553 2162 1752 2231 verba,
1793 2165 1846 2218 δι
1874 2159 2196 2237 hujusmodi
2229 2161 2299 2218 de
2340 2158 2469 2239 igne
2499 2157 2531 2217 ὲ
2561 2155 2719 2217 caelo
2762 2174 2842 2215 ra-

1554 2256 1652 2317 pto
1679 2237 1712 2298 fi
1757 2255 2007 2297 mentum
2046 2237 2114 2297 ad
2195 2234 2427 2316 hyficam
2457 2236 2726 2295 rationem
2760 2254 2843 2295 re·

1555 2316 1686 2374 ferri
1754 2316 1944 2374 chent:
1986 2335 2091 2373 nec
2116 2334 2143 2373 a
2171 2316 2262 2373 iud
2279 2315 2506 2393 quidem
2523 2312 2841 2392 intelligen-

1555 2392 1690 2452 dum
1717 2392 1828 2463 est,
1882 2392 2051 2470 quam
2096 2391 2243 2451 hunc
2283 2395 2510 2472 ignem,
2608 2410 2734 2448 uem
2775 2390 2843 2447 ad

1555 2470 1734 2528 nostra
1758 2469 2080 2528 adhibemus
2110 2470 2402 2528 commoda
2420 2512 2441 2541 ,
2482 2488 2549 2525 ex
2566 2412 2845 2524 tlucidiffi-

1557 2548 1664 2604 mis
1710 2545 1828 2603 illis
1858 2547 2124 2605 astrorum
2158 2548 2379 2625 ignibus
2423 2544 2702 2602 seminaria
2743 2541 2844 2597 ba-

1555 2620 1723 2682 buiffe
1755 2643 1774 2689 3
1842 2641 2079 2699 eumque
2113 2623 2181 2680 de
2212 2621 2345 2680 Sole
2385 2621 2663 2695 sumptum
2704 2614 2844 2685 effe,

1557 2700 1823 2777 quoniam
1868 2698 2088 2768 calore,
2137 2696 2409 2765 candore,
2450 2693 2749 2759 tenuitate,
2791 2695 2845 2745 80:

1558 2775 1814 2835 acumine
1839 2773 1904 2831 ad
1935 2772 2081 2831 Solis
2110 2789 2357 2829 naturam
2397 2786 2560 2846 quam
2590 2762 2846 2845 proxime

1560 2851 1788 2911 accedit.
1868 2849 2064 2925 Quam
2093 2848 2167 2906 ob
2197 2846 2674 2915 convenientiam,
2716 2863 2848 2900 con-

1564 2931 1973 3009 gruitatemque
2008 2925 2111 2986 Sol
2154 2925 2220 2984 ab
2246 2923 2482 3003 Orpheo
2507 2922 2754 2999 πυςόεις,
2796 2926 2850 2979 8(

1564 3003 1914 3082 πυξίδρορως,
1972 3008 2023 3062 8(
2054 3003 2087 3060 ὲ
2111 3002 2315 3062 Proclo
2354 3001 2525 3077 Lycio
2571 2998 2849 3076 περιςεφιῖς

1565 3083 1745 3141 dictus
1766 3082 1863 3140 est.
1903 3079 2022 3139 Hac
2056 3083 2266 3138 ratione
2293 3077 2619 3157 Speufippus
2638 3118 2657 3147 ,
2674 3096 2844 3153 quem

1567 3159 1721 3217 Plato
1764 3154 1933 3235 paene
1978 3155 2354 3235 philosophiae
2399 3153 2688 3212 haeredem
2730 3152 2851 3209 reli-

1570 3236 1725 3314 quit,
1770 3234 1887 3293 Soli
1918 3233 2193 3312 Apollinis
2225 3250 2433 3289 nomen
2462 3229 2700 3288 inditum
2741 3228 2847 3287 effe

1572 3312 1770 3379 tradit,
1809 3308 1874 3376 ὦς
1901 3311 2009 3367 ἀπὶ
2042 3309 2250 3367 πολλῶν
2283 3311 2459 3365 ocio-aiv
2477 3303 2630 3381 πυρὶς
2648 3346 2666 3375 ,
2685 3307 2845 3361 αὐτοῦ

1575 3388 1881 3455 emanire-33
1926 3386 2075 3463 quod
2104 3384 2310 3443 scilicet
2326 3403 2393 3441 ex
2412 3381 2602 3441 multis
2628 3381 2851 3458 ignibus

1578 3468 1659 3524 vis
1680 3463 1797 3540 ejus
1827 3463 2107 3542 compasta
2138 3460 2221 3519 fit.
2300 3458 2401 3519 Pul
2444 3459 2625 3516 entius
2672 3475 2855 3519 autern

1579 3543 1619 3601 l.
1642 3540 2031 3618 1.Mytholog.
2066 3539 2211 3599 idem
2237 3538 2376 3617 apud
2426 3537 2855 3594 ‘raccos'Am'Jl-
2908 3556 2913 3561 ’

1579 3635 1716 3677 aava
1744 3615 2041 3694 significare
2065 3613 2239 3675 asserit
2258 3614 2437 3691 ,quod
2464 3612 2606 3693 apud
2634 3613 2861 3671 Latinos

1582 3692 1871 3765 perdens,
1926 3693 2079 3771 quali·
2116 3697 2130 3750 i
2173 3697 2259 3751 nis
2302 3692 2463 3753 instar
2510 3690 2723 3748 fervore
2762 3686 2862 3746 suo

1582 3791 1815 3833 omnem
1828 3773 2124 3829 virentium
2193 3769 2447 3827 erbarum
2466 3767 2686 3825 succum
2704 3765 2865 3822 dcco-

1587 3849 1814 3927 quendo
1841 3849 2048 3925 perdat.
2129 3846 2413 3905 Accedunt
2439 3845 2601 3902 etiam
2630 3842 2695 3899 ad
2729 3842 2867 3898 hanc

1591 3925 1738 3986 Solis
1768 3944 1896 3982 cum
1930 3928 2058 4004 igne
2098 3921 2416 3982 affinitatem
2462 3916 2868 3979 nonnullorum

1596 4000 2062 4079 Philosophorum
2095 3999 2463 4059 definitiones.
2503 3997 2595 4052 Ait
2622 3993 2771 4050 enim
2804 3995 2870 4045 E·

1597 4083 1815 4161 Picums
1829 4121 1850 4153 2
1865 4079 2057 4140 Solem
2083 4078 2187 4141 effe
2204 4121 2225 4153 ,
2242 4094 2303 4136 ut
2326 4072 2528 4137 Budaei
2544 4069 2718 4129 verbis
2731 4084 2873 4198 utar,

2764 4162 2799 4220 8
2827 4160 2881 4199 ‘²‘
2907 4176 2911 4181 ’
