3470 4568
1003 198 1185 275 Ex
1293 194 2055 276 EvnMnno.

224 318 358 452 Τάς
383 319 917 400 peregrinationibus
939 325 1157 417 pceani
1197 321 1529 382 meridiona-

268 414 358 453 em
387 396 605 475 plagam
625 398 998 476 perlustravit.
1058 404 1183 460 Fuit
1209 401 1349 459 alter
1379 419 1530 478 prae·

240 487 401 530 terea
430 490 548 550 ejus
569 476 820 533 nominis
851 476 1283 570 Elegiograpbus
1300 519 1321 550 ‚
1371 477 1528 554 cujus

2743 221 2782 291 3
2809 216 2842 272 1
2858 218 2897 291 3

1610 342 1778 381 omnes
1789 364 1810 395 ‚
1827 324 1917 400 qui
1945 323 2179 381 coluntur
2202 319 2348 381 utdii
2360 366 2383 396 ,
2426 322 2647 383 homt'nes
2660 322 2903 394 ficerunt,

1612 419 1682 463 o·
1709 402 1868 457 iidem
1884 402 2083 475 primi,
2120 418 2179 458 ac
2213 403 2436 459 maximi
2462 420 2610 476 reges.
2689 399 2784 456 Sed
2820 419 2897 455 eos

1609 491 1705 532 aut
1729 475 1790 533 ob
1822 478 2072 534 virtutem
2089 519 2111 548 ,
2164 480 2286 553 quia
2308 478 2600 552 profuerant
2630 474 2899 533 hominum

244 549 600 608 mentionem
629 550 760 610 facit
782 551 1121 612 Censorinus
1146 574 1206 611 m
1239 553 1440 613 libello
1458 553 1529 612 de
1605 555 1778 628 generi
1809 594 1831 625 ‚
1883 554 2087 611 divinis
2124 552 2386 612 honoribus
2428 555 2623 631 affeblos
2668 552 2751 627 effi
2779 555 2899 642 pos}

245 622 346 681 die
373 624 540 684 natali
563 645 680 705 cap.
702 648 796 685 20.
873 629 985 689 Sed
1027 632 1204 724 placet
1232 630 1532 690 adscribere

239 700 518 777 quaedam
533 744 555 775 ,
579 722 719 780 quae
748 704 815 764 ab
831 708 1072 785 antiquis
1100 708 1450 785 scriptoribus
1463 708 1532 766 de

238 778 518 837 Evemero
561 779 686 838 sunt
724 783 977 860 prodita,
1031 784 1160 843 etim
1192 783 1259 842 ad
1286 785 1407 860 ejus
1449 784 1530 842 hi·

234 851 438 913 storiae
453 858 835 935 cognitionem
856 859 1159 937 plurimum
1173 862 1534 920 contulerint.

315 931 524 991 Cicero
553 933 596 990 l.
615 953 666 992 1.
684 933 753 993 de
783 953 897 994 nat.
915 936 1070 996 deor.
1123 939 1265 1014 Qid
1302 938 1394 1014 qui
1433 952 1530 997 aut

227 1006 397 1080 fortes
409 1048 431 1079 ‚
471 1024 571 1066 aut
597 1010 788 1083 claros·‚
805 1028 897 1069 aut
917 1026 1133 1089 pota-ntes
1161 1017 1297 1071 viros
1314 1017 1531 1072 tradant

222 1086 342 1158 posi
381 1100 596 1143 mortem
638 1088 710 1144 ad
739 1088 848 1146 deos
879 1091 1147 1166 paventffe
1159 1132 1180 1163 ‚
1229 1110 1409 1168 eosque
1444 1091 1529 1168 effi

239 1161 387 1240 ipsos,
398 1179 515 1238 quos
528 1181 615 1219 nos
629 1162 803 1236 colere,
807 1171 1026 1242 precari,
1038 1171 1365 1245 venerarique
1373 1168 1527 1241 fhlea·

242 1255 400 1305 mus,
417 1256 577 1296 nonne
593 1253 815 1315 expertes
827 1242 951 1317 siant
968 1243 1260 1319 religionum
1277 1248 1526 1301 omniurn?

240 1315 399 1387 Quae
423 1318 552 1372 ratio
577 1320 803 1375 maxim)
831 1323 1058 1377 tractata
1088 1320 1154 1378 ab
1167 1327 1410 1378 Evemero
1425 1321 1525 1395 est3

242 1407 403 1464 quem
427 1390 580 1460 noster
593 1412 663 1456 εγ
687 1396 1040 1469 interpretatus
1055 1438 1075 1467 ‚
1115 1417 1184 1459 ω·
1208 1397 1443 1475 sequutus
1461 1396 1528 1468 est

232 1477 440 1536 praeter
453 1483 660 1527 caeteros
674 1474 887 1528 Ennius.
903 1471 995 1528 Ab
1009 1480 1253 1530 Evemero
1267 1488 1438 1532 autem
1456 1492 1526 1537 Θ·

240 1556 462 1614 mortes,
481 1563 551 1607 o·
570 1545 852 1621 sepulttaeae
880 1548 1280 1621 demonstrantur
1305 1551 1529 1607 deorum.

322 1619 606 1679 Arnobius
631 1619 672 1679 1.
689 1645 744 1696 4.
759 1624 824 1682 ad
834 1624 1008 1682 versus
1023 1643 1239 1704 gentes.
1279 1627 1532 1684 Mortalia

231 1697 363 1772 stan
389 1697 526 1752 enim
557 1716 874 1777 quaecunque
901 1703 1143 1760 narratis.
1198 1709 1267 1760 Et
1282 1703 1532 1779 poffumus

245 1771 458 1849 quidem
489 1772 580 1831 hoc
604 1777 661 1831 in
683 1775 783 1833 loco
797 1796 966 1836 omnes
993 1778 1131 1852 ilios,
1171 1780 1304 1836 nobie
1321 1799 1437 1856 quos
1453 1783 1531 1836 in·

248 1848 470 1921 ducitis,
507 1865 661 1927 atque
685 1856 933 1928 appeHatic
955 1855 1095 1927 deos,
1136 1854 1358 1914 homines
1383 1854 1533 1931 susffi

247 1923 525 1994 monstrare
552 1968 572 1998 ,
628 1929 717 1986 vel
739 1934 1086 2005 Agragantino
1115 1938 1358 1989 Evemero
1383 1932 1532 2006 repli-

247 2016 402 2069 ωας
441 2003 574 2078 cujus
602 2003 783 2063 libeHos
811 2010 1007 2065 Ennius
1022 2051 1043 2079 ,
1083 2006 1277 2064 clarum
1303 2024 1363 2064 ut
1387 2009 1530 2081 fieret

239 2079 441 2135 cuncta
453 2119 476 2149 ,
500 2079 773 2154 sermonem
803 2084 860 2140 in
877 2084 1071 2143 Italum
1098 2084 1379 2158 transtulit.

346 2157 432 2212 M.
472 2157 750 2217 Minucius
796 2159 972 2218 Felix.
1032 2171 1155 2237 Lege
1194 2180 1225 2219 a
1261 2165 1532 2221 Stoicorum

235 2229 434 2308 scripta
448 2273 470 2303 ‚
484 2233 570 2290 vel
589 2234 776 2311 [αἱμα
795 2238 1104 2314 stipientium
1114 2280 1137 2311 ,
1150 2239 1322 2296 eadem
1338 2259 1531 2298 mecum

247 2311 541 2384 recognosces
572 2311 630 2369 ob
659 2316 840 2372 merim
880 2316 1124 2387 virtutis,
1177 2332 1271 2373 aut
1313 2319 1536 2375 muneris

246 2384 364 2441 deos
392 2383 606 2446 habitos.
665 2395 937 2448 Fvemerus
959 2393 1240 2471 exsiquitpr
1265 2412 1335 2455 ω·
1365 2413 1535 2450 eorum

253 2460 454 2520 natales
469 2502 490 2533 ‚
519 2468 716 2539 patriae
730 2509 752 2539 ,
792 2468 1057 2544 ftpulchra
1096 2471 1425 2541 dinumerat,
1465 2489 1535 2534 ω·

234 2548 332 2613 per
353 2541 643 2613 provincias
669 2543 909 2617 monstrat
924 2568 943 2601 .·
996 2546 1200 2603 Dictus·
1228 2545 1388 2617 Jovie
1402 2587 1423 2617 ,
1466 2565 1536 2609 (9·

251 2615 507 2688 Apollinis
539 2618 766 2693 Delphici
780 2662 802 2691 ,
819 2641 887 2684 <9⁵
904 2618 1124 2678 Phariae
1147 2620 1287 2698 Ifidis
1298 2664 1319 2693 ‚
1358 2642 1427 2684 ω’
1443 2628 1534 2679 Ce-

254 2692 384 2747 reris
411 2691 667 2765 Eleusinae
700 2698 939 2772 prodigiis
964 2697 1222 2774 affitmptos
1246 2701 1304 2754 in
1329 2698 1441 2754 deos
1467 2697 1537 2756 lo·

256 2768 436 2854 quitur
452 2809 475 2838 ,
510 2773 600 2901 qui
628 2775 839 2831 errando
855 2778 1107 2846 ,inventis
1133 2775 1279 2831 novis
1288 2772 1538 2850 frugibus,

255 2841 483 2900 uttlttati
547 2851 776 2906 ominum
795 2856 1037 2927 profuere.

334 2920 647 2980 Lactantius
677 2925 718 2983 l.
743 2947 791 2984 1.
810 2947 856 2985 c.
879 2946 899 2985 1
917 2947 964 2985 1.
1006 2926 1262 3005 Qomodo
1275 2927 1332 2983 id
1337 2926 1542 3002 probari

245 2993 405 3070 petest
417 3004 438 3052 ?
481 2999 748 3059 Nimirum
772 3020 962 3061 veteres
977 3004 1204 3078 htstoriae
1217 3004 1408 3060 docent.
1425 3012 1539 3061 An·

258 3073 433 3147 tiquus
463 3080 638 3132 auc'lor
658 3086 701 3135 E
704 3100 931 3136 vernerus
946 3121 965 3152 ,
1007 3085 1096 3158 qui
1105 3083 1217 3153 suit
1247 3100 1310 3136 ex
1335 3082 1544 3138 civitate

259 3147 492 3235 Meffana
508 3193 530 3222 ‚
583 3172 659 3211 res
680 3156 831 3229 gestas
862 3157 1024 3227 Jovis
1041 3199 1060 3229 ,
1101 3176 1170 3219 ω’
1211 3172 1542 3230 caeterorum,

264 3242 357 3299 qut
388 3226 466 3312 eiii
485 3241 736 3302 putantur
748 3274 768 3303 ‚
809 3235 990 3308 coHegit
1008 3274 1026 3303 ,
1066 3231 1419 3310 historiamque
1435 3252 1543 3289 con·

263 3313 433 3356 texuit
476 3323 539 3360 ex
578 3308 743 3364 titulis
769 3349 789 3379 ,
846 3329 915 3371 v·
942 3308 1329 3384 inscriptionibus
1360 3312 1509 3377 sacris
1522 3350 1544 3381 ‚

257 3393 394 3463 quae
419 3379 474 3434 in
495 3383 839 3459 antiquiffimis
854 3387 1050 3461 templis
1077 3383 1389 3443 habebantur
1399 3405 1542 3457 ‚ma-

259 3469 497 3529 ximeque
518 3461 574 3512 in
591 3461 719 3528 fano
737 3459 900 3531 Jovis
918 3461 1159 3537 Triphylii
1175 3503 1194 3532 ,
1232 3460 1320 3517 ubi
1332 3481 1543 3520 auream

261 3525 555 3616 columnam
573 3534 785 3612 positam
817 3536 903 3614 ff
925 3537 991 3594 ab
1030 3541 1127 3614 ipfh
1153 3537 1298 3608 Jove
1311 3579 1329 3608 ‚
1366 3537 1547 3594 titulus

262 3602 527 3666 indicabat
544 3632 563 3664 .-
604 3616 658 3668 in
686 3633 789 3690 qua
809 3614 1039 3672 columna
1070 3614 1200 3690 gelia
1220 3613 1321 3690 sisa
1343 3612 1547 3690 perscri-

254 3678 356 3756 Pss‘
373 3723 394 3751 2
433 3700 498 3741 ut
521 3690 888 3748 monimentum
915 3690 1022 3767 fft
1040 3690 1241 3765 posteris
1254 3708 1425 3747 rerum
1438 3691 1550 3759 sua·

263 3774 408 3815 rum.
446 3768 592 3819 Hanc
603 3763 858 3837 historiam
883 3769 1232 3842 interpretatus
1254 3765 1320 3835 eli
1337 3769 1552 3838 Ennius,

261 3850 337 3920 φ’
355 3836 599 3927 sequutus
614 3864 632 3896 .·
670 3861 810 3918 culus
834 3842 956 3899 haec
982 3842 1141 3900 verba
1163 3844 1282 3919 sunt
1291 3884 1315 3916 ,
1343 3843 1552 3922 Jupiter

265 3923 544 3986 imperium
575 3937 689 3980 &c-

141 4005 247 4062 4⁸4
347 3987 507 4066 Idem
537 3990 635 4050 lib.
652 3993 817 4055 deira
834 3994 942 4052 Dei
962 4013 1080 4078 cap.
1100 4014 1188 4059 11.
1231 3998 1498 4076 Nimirum
1515 3997 1557 4056 ii

435 4084 468 4126 a
506 4066 895 4148 historicorum
923 4135 936 4148 ‚
1349 4077 1356 4078 ⁷
1517 4071 1534 4078 ²

1611 645 1862 697 mortem3
1903 645 1997 686 aut
2026 629 2086 688 ob
2112 628 2339 703 beneficia
2353 672 2375 702 ‚
2414 651 2483 694 (9⁹
2498 634 2711 687 inventa
2722 671 2742 700 ,
2783 648 2896 705 qut-

1611 704 1702 763 bus
1727 706 2015 764 humanam
2038 709 2212 764 vitam
2239 708 2553 764 excoluerant
2570 748 2591 779 ‚
2627 708 2896 765 immorta-

1610 780 1712 839 lem
1735 786 2034 840 memoriam
2058 785 2367 859 consequutos
2380 825 2402 855 ‚
2418 787 2530 860 quis
2555 789 2894 858 ignorantia

1610 857 1820 915 tantiam
1850 878 2045 930 mares,
2078 860 2165 931 sed
2187 879 2256 922 ω’
2273 861 2542 927 foeminas.
2595 860 2747 936 §Laod
2776 857 2896 915 ciem

1608 934 1917 1009 vetustiffimi
1931 938 2170 991 Graeciae
2183 937 2449 1010 scriptores
2463 978 2484 1006 ,
2522 955 2641 1011 quos
2668 936 2746 992 illi
2769 937 2893 992 θεο-

1608 1013 1802 1077 λόγους
1832 1023 2119 1086 nustcupant
2136 1051 2158 1081 ‚
2172 1026 2288 1067 tum
2312 1013 2471 1068 etiam
2496 1014 2712 1069 Romani
2733 1017 2894 1069 Grae-

1607 1106 1683 1142 cos
1700 1089 1940 1163 sequuti,
1964 1107 2033 1150 <9-
2050 1087 2247 1143 imitati
2259 1087 2450 1143 docent.
2489 1089 2725 1161 §Quorum
2744 1099 2892 1157 prae-

1608 1165 1745 1237 cipu?
1777 1171 2053 1219 Evemerus
2062 1204 2084 1235 ,
2136 1180 2197 1219 ac
2232 1161 2386 1236 noster
2401 1166 2608 1251 ‘Ennitce
2619 1203 2640 1234 ,
2692 1163 2782 1239 qui
2812 1183 2889 1220 eo-

1607 1259 1726 1296 rum
1773 1259 2000 1297 omnium
2038 1238 2267 1310 natales,
2304 1242 2525 1315 conjugia
2540 1252 2669 1375 ‚utor
2724 1241 2892 1311 enies,

1606 1318 1850 1391 imperia,
1887 1336 1966 1373 res
1997 1316 2152 1392 gestas
2165 1358 2186 1389 ‚
2225 1316 2386 1373 obitus
2402 1357 2424 1388 ‚
2459 1314 2565 1393 sim
2621 1335 2678 1373 ac
2715 1334 2777 1372 ra
2806 1315 2895 1375 de·

1607 1392 1904 1459 monstrant.

1689 1469 1993 1547 ¹Augustin.
2024 1468 2125 1528 lib.
2153 1477 2205 1526 6.
2241 1469 2311 1528 de
2338 1469 2512 1527 Civit.
2545 1471 2655 1528 Dei
2680 1489 2798 1549 cap.
2831 1488 2891 1541 7.

1611 1548 1760 1621 Qid
1786 1550 1849 1601 de
1870 1548 1970 1620 ipso
1999 1545 2142 1615 Jove
2157 1546 2445 1622 senserunt,
2487 1550 2578 1622 qui
2601 1548 2706 1620 ejus
2720 1550 2892 1603 nutri·

1612 1640 1717 1678 cem
1746 1626 1802 1678 iu
1828 1622 2073 1696 Capitolio
2090 1623 2354 1696 posuerunt
2380 1629 2401 1677 ἒ
2456 1630 2632 1678 Nonne
2669 1622 2894 1693 attestati

1599 1700 1726 1774 sunt
1756 1703 2000 1754 Evemero
2016 1738 2032 1761 ,
2086 1702 2177 1774 qui
2203 1718 2366 1755 omnes
2392 1696 2518 1756 tales
2541 1699 2651 1755 deos
2683 1717 2783 1757 non
2795 1698 2892 1768 fa-

1613 1773 1785 1847 bulosa
1804 1775 2110 1849 garrulitate
2124 1817 2144 1846 ,
2154 1778 2246 1848 sed
2269 1772 2502 1847 historica
2528 1774 2791 1850 diligentia
2805 1773 2893 1832 ho·

1613 1854 1775 1951 mines
1784 1852 1932 1985 fuiqe
1947 1893 1967 1922 ,
2006 1852 2336 1930 mortalesque
2355 1852 2659 1929 conscripsit?
2713 1931 2722 1942 ι
2785 1929 2796 1943 ·
2825 1931 2835 1942 ι

1655 1926 1846 2017 'Idem
1902 1927 2294 2005 1b.7.cap.26.
2339 1937 2483 1986 Nam
2511 1930 2646 2004 quod
2663 1928 2896 2005 Virgilius

1609 2021 1687 2062 att
1697 2041 1720 2075 ‚

1595 2111 1603 2121 ·
1688 2080 1896 2138 Primus
1910 2079 1978 2136 ab
1990 2078 2210 2138 aethereo
2222 2081 2367 2137 venit
2382 2086 2632 2137 Saturnus
2646 2080 2857 2157 Olympo
2870 2123 2894 2156 ,

1690 2164 1867 2216 Arma
1884 2157 2043 2229 Jovie
2052 2158 2254 2232 fugiens
2265 2198 2286 2229 ,
2303 2176 2370 2221 (9-
2397 2159 2554 2232 regnis
2567 2157 2704 2229 exsul
2720 2159 2895 2216 adem·

1874 2251 1975 2306 trs,
2730 2258 2731 2263 ¹

1616 2329 1686 2375 (φ’
1713 2249 1936 2388 quaepad
1961 2310 2094 2367 hanc
2119 2331 2228 2369 rem
2256 2315 2563 2389 pertinentia
2590 2311 2897 2391 subsbquun-

1617 2402 1701 2444 tur
1718 2429 1741 2459 ‚
1781 2404 1942 2447 totam
1989 2389 2052 2444 de
2091 2387 2182 2445 hoc
2215 2396 2491 2447 Evemertu
2525 2391 2711 2464 pandit
2730 2390 2898 2459 ,histo-

1609 2467 1754 2520 riam
1768 2503 1786 2532 ‚
1836 2485 1992 2542 quam
2022 2469 2214 2522 Ennius
2244 2469 2299 2522 in
2332 2469 2577 2524 Latinum
2604 2470 2765 2522 vertit
2803 2466 2899 2524 clo-

1618 2541 1816 2617 quium.
1855 2544 1992 2598 Unde
2006 2544 2127 2618 quia
2135 2542 2364 2617 plurima
2375 2542 2636 2617 posuerunt
2650 2582 2670 2611 ,
2686 2545 2777 2617 qui
2790 2562 2901 2598 con-

1614 2634 1701 2675 tra
1726 2616 2009 2692 hujusmodi
2033 2638 2215 2673 errores
2244 2632 2363 2673 ante
2390 2637 2478 2672 nos
2498 2616 2584 2670 vel
2606 2618 2904 2690 Graecoser·

1611 2712 1759 2751 mone
1772 2735 1793 2763 ,
1830 2694 1918 2750 vel
1942 2695 2125 2749 Latino
2139 2693 2436 2768 scripserunt
2447 2712 2497 2766 ,·
2508 2709 2609 2748 nan
2626 2695 2684 2746 in
2692 2710 2750 2749 to
2763 2691 2901 2750 mihi

1604 2767 1806 2846 placuit
1830 2771 2113 2826 immorari.

1713 2844 1975 2904 Eusebius
2002 2845 2103 2903 lib.
2130 2865 2183 2901 2.
2209 2845 2422 2917 Euang.
2448 2861 2751 2924 praeparat.
2805 2846 2900 2907 De

1623 2923 1963 2982 terrestribus
2003 2922 2248 2999 (inquit.)
2296 2922 2419 2979 Diis
2466 2921 2678 2994 multa,
2734 2919 2905 2982 v'aria-

1666 3019 1734 3058 ue
1763 2998 1829 3057 ab
1859 2999 2143 3058 Histoticis
2159 3041 2180 3072 ‚
2218 3003 2274 3058 Bt
2308 2996 2494 3057 Po'etis
2524 2998 2714 3057 tradita
2755 2999 2900 3061 sunt.

1669 3098 1702 3134 x
1732 3073 2005 3134 historicis
2035 3077 2262 3152 quidem
2297 3077 2631 3146 Evemerus‚
2689 3079 2789 3152 qui
2825 3076 2903 3135 sa.

1624 3171 1771 3210 cram
1817 3152 2089 3229 quandam
2153 3151 2457 3212 conficiens
2509 3152 2865 3209 traditionem
2882 3195 2905 3225 ,

1623 3226 1862 3288 scorsum
1894 3226 2119 3305 scripsit.
2156 3231 2239 3286 Ex
2258 3227 2442 3286 Poetis
2459 3224 2592 3284 verb
2607 3229 2906 3301 Homerus,

1625 3302 1893 3364 Hefiodus
1910 3346 1930 3375 ,
1956 3303 2219 3383 Orpheus
2237 3345 2257 3374 ‚
2294 3304 2609 3379 caeterique
2625 3302 2791 3380 hujus
2847 3324 2903 3363 e-

1624 3381 1772 3440 neris
1795 3380 2039 3440 auctores
2067 3379 2138 3439 de
2166 3382 2292 3438 Diis
2319 3379 2615 3438 monstrosa
2639 3398 2778 3457 quae
2816 3400 2907 3440 am

1624 3455 1909 3516 effinxere.
1988 3461 2110 3516 Nos
2138 3474 2359 3527 tamen,
2399 3472 2537 3532 quae
2560 3456 2626 3514 ab
2655 3459 2907 3535 utrisque

1621 3535 1928 3613 conscripta
1950 3532 2111 3606 sunt,
2149 3533 2400 3592 brevitati
2428 3532 2703 3592 studentes
2735 3535 2911 3613 expli-

1625 3631 1750 3670 ,care
1789 3610 2130 3669 conabimur.
2221 3612 2515 3669 Evemerus
2562 3611 2730 3690 igitur
2772 3611 2910 3671 etim

1630 3686 1909 3748 Cafl'andri
1948 3690 2096 3768 regis
2128 3687 2297 3745 fuerit
2335 3688 2576 3759 amicus,
2631 3687 2697 3745 ab
2725 3706 2913 3781 eoque

1634 3763 1897 3842 impulsus
1924 3762 1988 3822 fit
2011 3806 2032 3837 ‚
2083 3783 2143 3822 ut
2168 3764 2435 3839 quaedam
2463 3764 2615 3843 regia
2647 3781 2912 3841 negotia,

1630 3841 1972 3919 longamque
2000 3840 2492 3920 peregrlnationem
2513 3839 2579 3898 ad
2605 3837 2774 3897 finem
2791 3861 2913 3918 per-

1631 3917 1895 3989 duceret,
1946 3919 2058 3989 ait,
2111 3917 2170 3975 in
2203 3920 2495 3975 Oceanum
2541 3916 2914 3973 Meridianum

1636 3994 1970 4074 profestum.
2119 3994 2178 4052 ui
2215 3991 2345 4052 etim
2379 3993 2614 4066 denique
2660 4010 2729 4048 ex
2760 3990 2917 4049 felici

1631 4066 1977 4154 *remigrasset
2007 4071 2084 4133 At
2154 4072 2239 4146 ia,
2292 4090 2354 4209 ἒ
2382 4069 2613 4156 ἀίνεεξω
2642 4069 2924 4204 ωνῑξςειῖὶε

1617 4194 1624 4201 ,
2368 4164 2398 4206 t·
2784 4164 2840 4204 m
2866 4163 2926 4205 u·
