3470 4568
490 3345 495 3352 ·

414 3428 495 3494 29

503 176 596 255 28
1282 173 1912 276 QENN11
1998 172 2363 251 erA

916 309 1051 375 Nec
1078 311 1167 373 mi
1199 332 1414 375 aurum
1430 314 1589 409 posco
1665 332 1767 374 nec
1796 308 1884 370 νηί
1907 307 2170 453 gretiam
2196 304 2504 390 dederitis,

916 392 1053 458 Nec
1078 409 1476 483 cauponantets
1503 360 1713 459 bellum
1729 442 1751 475 ,
1772 390 1883 475 sed
1943 390 2355 477 elligeranteis3

917 474 1091 542 Ferro
1107 525 1128 560 ,
1171 500 1284 543 non
1316 501 1458 542 auro
1489 479 1678 543 vitam
1709 496 2011 539 cernamus
2041 474 2273 565 utrique
2288 496 2313 537 .-

921 558 1038 627 Vos
1067 583 1139 625 ne
1166 560 1311 626 velit
1325 611 1346 645 ,
1385 585 1464 625 an
1492 584 1583 625 me
1612 581 1853 647 regnare
1882 556 2051 623 Hera
2064 605 2086 642 ,
2125 555 2336 645 quidve
2349 554 2518 637 serat
2525 555 2688 640 sors,

927 638 1156 707 Virtute
1189 647 1562 731 experiamur
1599 677 1686 694 ·-
2329 688 2332 693 »

513 723 769 793 Tribuit
803 727 993 794 etiarn
1025 730 1191 795 bona
1223 729 1334 796 sua
1356 729 1639 812 corpori,
1681 727 1986 793 nimirum
2012 723 2538 807 pulchritudinem
2569 718 2799 792 Annal.
2821 742 2876 790 1.

1502 847 1588 862 --
1628 826 1694 873 at
1724 808 2008 874 Romulus
2023 806 2252 894 polcer,

514 891 895 960 celeritatem
930 894 1161 962 Annal.
1180 917 1238 962 2.
1406 929 1488 946 ο-
1528 893 1812 957 Horatius
1838 890 2080 954 inclutu’
2096 890 2294 973 saltu,

515 973 824 1042 &fimilia.
866 976 975 1043 An
989 999 1123 1044 non
1136 981 1325 1045 etiam
1341 978 1416 1045 ad
1436 979 1700 1045 eandem
1715 975 2135 1059 philosophiae
2193 988 2426 1055 artem,
2467 976 2883 1059 quaeinvita,
2924 973 2988 1040 &
3017 997 3164 1045 mo-

514 1057 682 1121 ribus
702 1060 892 1139 posita
906 1061 1027 1144 est,
1070 1060 1340 1144 speQat,
1381 1062 1520 1143 quis
1534 1058 1681 1126 vere
1712 1061 1864 1123 liber
1880 1058 2001 1124 dici
2035 1076 2119 1138 po
2188 1072 2255 1138 t,
2294 1056 2636 1138 explicare?
2674 1059 2848 1144 Quid
2881 1060 3055 1128 enim
3083 1082 3163 1129 eo

513 1158 590 1202 ex
628 1140 935 1208 Phoenice
956 1148 1104 1208 loco
1122 1144 1530 1226 praeclarius?
1692 1177 1779 1191 -·-
1817 1140 2086 1221 adversus
2118 1139 2472 1221 adversarios

934 1226 1034 1290 Ea
1060 1227 1294 1290 libertas
1321 1229 1402 1305 est
1416 1275 1436 1308 ,
1476 1226 1609 1313 quei
1625 1225 1826 1372 gestus
1850 1241 2067 1311 purum
2082 1270 2102 1307 ,
2127 1222 2488 1310 firmumque
2508 1225 2765 1307 gestitat.

517 1301 673 1369 Huc
704 1308 893 1373 etiam
921 1309 1128 1374 referri
1164 1310 1356 1392 potest
1388 1310 1543 1374 illud
1578 1309 1618 1373 li
1665 1355 1679 1370 .
1709 1310 1899 1372 incer.
2273 1351 2284 1360 -
2495 1330 2498 1333 ’

989 1395 1051 1454 us'
1083 1393 1228 1456 vicit
1252 1414 1362 1454 non
1392 1394 1472 1473 est
1498 1390 1687 1454 vidior
1703 1439 1722 1471 ,
1766 1388 1876 1467 tufi
1903 1388 2089 1453 ⁴m'ti'u’
2107 1388 2356 1470 fatetur.

519 1465 855 1553 Quantum
888 1492 1039 1539 vero
1071 1477 1221 1540 utile
1256 1475 1322 1540 fit
1356 1475 1625 1540 modum
1661 1472 2092 1555 cupiditatibus
2125 1472 2441 1552 adhibere,
2488 1470 2567 1535 fic
2598 1476 2959 1560 explicavit,

940 1556 1117 1620 Stult’
1150 1560 1230 1638 eft
1246 1605 1266 1639 ,
1307 1558 1408 1645 qus'
1437 1556 1642 1643 cupida
1668 1556 1899 1642 cupiens
1916 1604 1935 1637 ,
1973 1557 2262 1641 cupienter
2291 1554 2465 1638 cupit.
3159 1602 3166 1603 γ

517 1639 832 1708 Filiorum
867 1657 1138 1705 mortem
1171 1660 1374 1721 aequo
1402 1642 1614 1705 animo
1632 1639 2095 1722 perferendam,
2140 1657 2222 1701 eo
2238 1634 2612 1703 Telamonis
2631 1644 2817 1724 loco,
2858 1661 3052 1724 quem
3071 1647 3169 1711 su-

522 1729 631 1806 pra
662 1724 1023 1801 retulimuS,
1065 1720 1339 1787 dilucide
1374 1723 1847 1787 demonstravit:
1890 1720 1949 1783 ἂ
1983 1721 2048 1783 in
2081 1719 2466 1799 Cresphonte
2500 1739 2826 1804 mortum,
2871 1725 3023 1792 cum
3054 1731 3167 1793 hu·

520 1805 727 1870 manis
762 1805 1015 1867 miseriis
1053 1819 1385 1882 exuantur,
1429 1825 1559 1868 non
1588 1804 1790 1869 modo
1820 1822 1951 1867 non
1983 1801 2101 1868 esse
2121 1802 2359 1866 flendos
2382 1848 2403 1880 ,
2438 1801 2544 1868 sed
2561 1826 2670 1873 eos
2687 1809 2894 1891 potius
2915 1859 2934 1892 ,
2977 1813 3162 1895 quiin

522 1884 1164 1952 tenebricosam-hanc
1193 1891 1402 1951 lucem
1438 1888 1781 1967 prodeunt,
1821 1884 2126 1966 praeclare
2158 1884 2524 1967 admonuit,

947 1968 1118 2032 Nam
1144 1991 1240 2031 nos
1268 1967 1496 2031 decebat
1523 1985 1709 2031 coetus
1737 1967 2102 2030 celebranteis
2118 2017 2137 2049 ‚
2176 1966 2406 2029 domum

944 2050 1177 2137 Lugere
1190 2099 1209 2132 ,
1249 2052 1377 2113 ubei
1408 2051 1540 2135 effet
1567 2050 1776 2138 aliquis
1809 2046 1872 2113 iia
1902 2048 2084 2113 lucem
2118 2048 2303 2111 editus
2318 2095 2339 2129 ,

940 2128 1253 2197 Humanae
1281 2135 1439 2197 vitae
1469 2134 1642 2197 varia
1672 2134 2022 2228 reputanteis
2055 2138 2230 2194 mala.

936 2215 1021 2279 At
1052 2217 1163 2303 qui'
1180 2216 1393 2281 labores
1425 2231 1605 2279 morte
1624 2215 1844 2299 fintſjet
1912 2216 2102 2279 raveis
2118 2264 2138 2297 ‚

933 2298 1113 2362 Hunc
1142 2301 1351 2363 omneis
1381 2301 1589 2363 amicos
1622 2299 1787 2362 laude
1801 2347 1820 2379 ,
1863 2236 1944 2371 ἕξ
1978 2299 2202 2362 laetitia
2228 2296 2476 2397 exsequi.

523 2384 676 2450 Inde
704 2383 766 2445 in
796 2380 1062 2461 Thyeste
1093 2381 1380 2449 Mortem
1412 2388 1727 2448 malorum
1760 2383 2039 2462 requiem
2069 2381 2222 2461 effe,
2264 2381 2434 2446 dixit.
2494 2383 2826 2466 Quantum
2859 2395 3166 2471 praeterea

521 2462 1001 2532 malefactorum
1035 2466 1447 2531 conscientiae
1481 2464 1692 2530 noctes
1715 2513 1734 2545 ,
1779 2465 2030 2545 diesque
2061 2466 2345 2530 animum
2380 2466 2636 2532 stimulis
2666 2472 2894 2557 agitent
2924 2524 2942 2556 ,
2987 2492 3173 2559 atque

523 2563 835 2634 pungant,
878 2545 1038 2612 testis
1074 2548 1156 2612 est
1184 2548 1600 2616 acerbiffimus
1635 2549 1740 2611 ille
1775 2547 2180 2613 Alcmaeonis
2212 2551 2553 2629 cruciatuS,
2595 2553 2702 2633 qui
2720 2556 2803 2619 ob
2823 2572 3172 2627 maternam

524 2651 748 2698 necem
777 2629 980 2695 Furiis
1013 2633 1348 2734 exagitatus
1375 2635 1715 2707 exclamat,

935 2709 1045 2779 Fer
1076 2738 1159 2777 mr
1194 2715 1487 2778 auxilium
1503 2762 1523 2796 ‚
1556 2716 1772 2799 pestem
1801 2714 1963 2798 abige
1988 2713 2026 2776 ἆ
2054 2737 2145 2777 me
2158 2763 2177 2795 ,

870 2807 877 2812 ’
939 2794 1369 2876 flammiferam
1398 2797 1546 2860 hanc
1574 2798 1698 2860 vim
1712 2846 1731 2878 ,
1773 2818 1919 2893 quae
1945 2820 2038 2859 me
2067 2794 2382 2863 excruciat.

942 2877 1221 2942 Caeruleo
1251 2880 1531 2943 inciudae
1558 2881 1737 2966 angui
1771 2879 2077 2962 ancedunt3

941 2960 1317 3045 Circunstant
1345 2985 1476 3025 cum
1504 2962 1834 3024 ardentibus
1860 2963 2060 3027 taedis.

532 3043 915 3110 Amicorum
945 3045 1091 3110 vitia
1122 3066 1254 3128 quo
1291 3044 1470 3127 paeto
1504 3045 1762 3111 ferenda
1789 3046 1933 3127 fint,
1980 3046 2064 3112 ita
2094 3045 2371 3127 expreflit
2399 3046 2463 3111 in
2496 3045 2731 3126 Phoe'n.

939 3123 1026 3189 Ut
1055 3129 1208 3214 quod
1223 3129 1456 3208 saelum
1487 3130 1565 3209 est
1581 3128 1765 3208 futile
1792 3130 2002 3209 amici,
2044 3152 2141 3192 nos
2155 3128 2423 3206 feramus
2433 3132 2690 3210 fortiter.

527 3206 609 3274 Et
640 3209 972 3290 quomodo
1005 3213 1132 3275 veri
1163 3212 1196 3275 a
1230 3212 1389 3276 f'alfis
1422 3213 1862 3299 dignoscantur
1894 3211 2084 3298 Trag.
2118 3215 2302 3276 incer·

938 3290 1177 3356 Amicus
1205 3310 1393 3356 certus
1420 3295 1485 3355 in
1515 3316 1580 3354 re
1609 3295 1830 3357 incerta
1862 3296 2134 3358 cernitur.

529 3374 753 3440 Fidem
787 3377 1068 3457 extollit,
1111 3377 1260 3443 cum
1296 3379 1373 3442 de
1405 3377 1468 3441 se
1496 3378 1630 3459 ipso
1662 3378 1743 3443 ait
1776 3379 1879 3441 lib.
1916 3379 2098 3442 incer.

937 3491 1021 3506 --
1051 3457 1160 3529 ille.
1175 3461 1272 3523 vir
1299 3458 1461 3522 baud
1481 3481 1693 3545 magna
1718 3460 1782 3520 in
1811 3481 1874 3521 re
1972 3460 2089 3523 Sed
2096 3458 2246 3540 fidei
2273 3462 2480 3550 plenus
2505 3499 2590 3514 -·-

530 3539 863 3687 ssuantum
894 3542 1033 3606 deni
1084 3562 1160 3606 ue
1193 3544 1225 3607 a
1253 3545 1530 3624 turpibus
1557 3592 1577 3625 ,
1633 3543 2038 3624 obscenisque
2069 3548 2249 3611 rebus
2282 3547 2660 3612 abhorruerit
2689 3597 2709 3631 ,
2754 3548 2910 3618 illud
2947 3553 3182 3623 indicat

604 3643 723 3704 rag.
741 3626 928 3687 incer.
1056 3625 1242 3711 lagitii
1263 3626 1614 3712 principium
1652 3628 1732 3707 eft
1759 3626 1979 3688 nudare
2013 3626 2168 3690 inter
2199 3629 2408 3692 ceiveis
2437 3647 2684 3716 corpora.

529 3705 604 3771 N
608 3726 678 3770 ec
695 3708 957 3787 reliquas
980 3709 1056 3772 de
1078 3712 1353 3773 moribus
1372 3709 1797 3790 philosophiae
1826 3728 2021 3791 partes
2039 3707 2547 3778 Oeconomicam
2576 3715 2839 3798 scilieet,
2883 3716 2943 3780 ὅτ
2963 3717 3183 3786 Politi-

528 3790 925 3870 campenitus
942 3791 1165 3856 omisit.
1208 3790 1387 3857 Nam
1404 3793 1577 3874 quod
1597 3794 1671 3856 ad
1689 3790 2198 3860 Oeconomicam
2215 3798 2541 3872 attinet,'eo
2559 3797 2957 3881 Cresphontis
2975 3805 3180 3887 versu,

874 3955 877 3962 .
944 3871 1151 3937 Duxit
1182 3897 1424 3936 uxorem
1436 3875 1582 3953 stbei
1615 3874 1860 3937 liberdm
1887 3877 2267 3963 quaefi‘nddm
2295 3879 2486 3962 cauffo
2517 3929 2536 3959 ‚
2769 3915 2772 3918 ·

532 3953 796 4019 ostendit
815 3973 1189 4040 magnopere
1211 3959 1284 4023 ad
1306 3961 1389 4021 rei
1409 3957 1723 4023 familiaris
1745 3980 1957 4025 curam
1978 4008 1998 4041 ,
2039 3978 2222 4043 atque
2243 3962 2826 4029 administrationem
2845 3961 3148 4047 pertinere
3164 4019 3187 4050 ‚

536 4056 754 4103 uxores
788 4039 1097 4109 ducendas
1128 4037 1245 4108 effe
1278 4042 1719 4122 procreationis
1739 4040 1953 4113 eauffa.
2003 4044 2117 4113 Illa
2133 4045 2283 4111 vero
2314 4047 2675 4129 conquestio
2692 4049 2769 4115 ad
2790 4050 3192 4197 depravatffm

1452 4175 1459 4184 ,
3117 4152 3197 4195 0-
