3470 4568
276 218 542 321 Atque
572 201 937 317 equidem
978 199 1272 287 dudum
1304 192 1637 312 periisses
1671 193 2023 285 funditus
2050 201 2348 295 onmis,⁴

394 324 502 405 Ni
535 330 661 433 pia
693 317 1066 430 discerpto
1096 314 1366 404 dexura
1399 306 1683 407 mlisset
1710 338 1974 425 opem.

265 438 612 519 Dextera
647 436 1107 547 magnanimi
1145 455 1561 540 numquam
1592 424 1972 517 reticenda.
2005 425 2482 526 Columnae,

384 554 784 630 Maximus
824 543 1201 626 Euboicae
1238 541 1656 635 nobilitatis
1688 537 1964 629 honos.

276 658 498 744 Clare
515 660 902 743 Columna
923 722 943 753 ,
1007 656 1391 745 Columna
1421 662 1527 743 rei
1565 652 1801 741 stator
1831 653 2036 741 alme
2066 658 2428 749 Latinae.

378 770 669 855 Lucida
702 778 923 853 Pierii
955 797 1304 884 gemma,
1361 768 1789 863 Columna,
1843 764 2112 864 cheth

268 891 419 969 Per
450 910 530 968 te
568 882 715 967 stat
739 879 1011 971 Rudiis
1036 880 1275 971 decus
1307 882 1383 969 δι
1417 881 1549 971 sua
1580 878 2215 980 &morimeam

385 999 524 1080 Tu
559 1003 884 1080 cineres,
939 993 1172 1083 sansti
1209 1020 1296 1081 tu
1330 996 1519 1109 legis
1555 991 1719 1081 ossa
1749 992 1971 1083 senis.

269 1112 406 1194 Tu
443 1109 647 1195 male
673 1106 1039 1214 disjeeros
1066 1132 1275 1196 artus
1308 1107 1749 1218 divulsaque
1786 1101 2124 1190 membra

378 1219 676 1307 Artifici
712 1249 910 1306 nexu
934 1228 1251 1336 jungere
1281 1247 1531 1304 certus
1565 1220 1769 1305 ades,

277 1338 395 1419 Sic
418 1333 815 1446 quondam
858 1336 1381 1448 Hippolytum
1413 1332 1666 1447 pavidi
1705 1359 1839 1444 per
1873 1358 2097 1416 curva
2116 1332 2416 1448 jugales

396 1456 646 1532 Litora
688 1457 767 1530 in
803 1446 1106 1531 Astaeis
1145 1447 1519 1558 diripuere
1543 1454 1778 1560 jug-is.
2185 1444 2190 1451 ’

289 1561 499 1645 Illum
526 1584 793 1644 aurem
831 1560 1083 1673 proles
1115 1567 1432 1645 Paeania
1455 1626 1475 1655 ,
1534 1571 1906 1667 amorque
1942 1560 2236 1642 Dianae

388 1673 863 1757 Incolume-m
900 1703 942 1756 a
978 1670 1110 1755 leti
1141 1672 1402 1755 limine
1431 1671 1776 1756 restituit.

286 1791 385 1870 Et
420 1815 623 1870 nunc
658 1783 1043 1897 Indigetes
1079 1794 1270 1869 inter
1291 1851 1319 1880 ,
1374 1813 1531 1868 non
1568 1793 1876 1869 numine
1905 1780 2142 1882 fisto,

391 1899 695 1983 Albano
731 1899 1005 1980 colitur
1038 1895 1346 1987 Virbius
1382 1896 1534 2009 ipse
1567 1898 1759 1983 lacu.

280 2011 554 2095 Maste
584 2019 810 2095 animi
831 2063 852 2094 ,
913 2013 1059 2093 Vir
1094 2037 1361 2125 magne
1383 2063 1405 2102 ‚
1462 2018 1745 2093 aeterni
1782 2012 2028 2096 mad'te
2064 2007 2366 2097 laboris.

405 2121 588 2218 Nil,
627 2146 701 2203 te
733 2121 785 2205 s1
822 2129 1080 2234 cupiat
1112 2122 1401 2209 laedere
1425 2189 1447 2218 ,
1507 2120 1700 2205 livor
1733 2147 1931 2237 aget.

289 2241 397 2319 Et
428 2257 677 2317 tamen
714 2234 849 2318 ista
887 2261 1060 2318 tuae
1094 2231 1475 2319 benefasta
1515 2232 1846 2318 inlustria
1883 2262 2106 2319 curae

400 2348 438 2454 (
468 2355 641 2430 Heu
676 2343 1049 2458 facinus!)
1104 2357 1361 2461 coepit
1395 2345 1660 2430 rodere
1693 2370 2001 2464 tempus
2036 2346 2251 2435 edax.

282 2465 486 2545 Rara
524 2467 639 2542 tui
672 2459 965 2543 sudoris
999 2484 1208 2544 erant
1244 2483 1783 2562 monumenta3
1842 2487 1985 2543 nec
2013 2461 2336 2574 usquam

405 2571 722 2656 Patebat
755 2571 1026 2656 dostae
1063 2571 1478 2656 sedulitatis
1497 2599 1723 2686 opuS,

288 2687 458 2768 vix
492 2685 705 2767 licuit
735 2683 1028 2797 cupidis
1067 2684 1363 2768 Clariae
1393 2682 1808 2769 cultoribus
1838 2694 2022 2769 artis

411 2795 789 2909 Usurpare
827 2798 1063 2879 oculis
1098 2821 1366 2909 teque,
1409 2820 1776 2907 tuamque
1813 2825 2145 2884 manum.

300 2911 387 2992 Si
422 2917 593 3020 quis
631 2937 791 2994 eras
814 2976 834 3008 ‚
896 2910 1075 3014 (ubi
1103 2937 1269 2992 eras
1304 2908 1510 2992 haud
1542 2907 2090 3021 inveniende?)
2144 2907 2544 3030 premebat

411 3018 678 3106 Invida
721 3048 798 3105 te
832 3045 1056 3106 caeco
1091 3020 1543 3112 bibliotheca
1579 3019 1769 3106 sinu.
1915 3113 1922 3120 ,

295 3137 493 3219 Non
531 3134 707 3217 tulit
741 3134 889 3218 hoc
923 3144 1162 3220 virtus
1202 3131 1570 3232 Heffelia,
1631 3159 1862 3250 teque
1896 3134 2225 3232 tenebris

420 3256 788 3358 Ereptum
826 3245 973 3329 luci
1007 3246 1331 3331 restituit
1363 3254 1648 3332 Latiae.

296 3368 409 3445 Et
447 3366 960 3473 pugnatricem
997 3367 1234 3445 vivaci
1273 3370 1596 3444 carmine
1631 3359 1940 3447 Musam
1959 3427 1992 3458 ,A

418 3481 521 3555 Et
554 3470 818 3555 laudes
847 3473 1093 3556 voluit
1125 3499 1571 3585 perpetuare
1608 3498 1801 3560 tuas,

302 3584 618 3681 Gaude,
683 3582 740 3667 si
775 3582 963 3695 quid
991 3611 1202 3669 amas
1234 3593 1594 3670 virtutem
1622 3653 1641 3682 ,
1701 3613 1975 3704 magne
2011 3586 2429 3675 Columna:

422 3695 745 3781 Adserta
779 3696 890 3780 est
923 3706 1130 3810 operi
1163 3704 1473 3809 vitaque
1506 3699 1790 3811 luxque
1826 3727 1994 3786 tuo,

316 3808 534 3922 Qid
590 3808 724 3892 uid
758 3809 1014 3924 longin
1072 3819 1151 3893 ui
1185 3810 1498 3898 detrivit
1526 3822 1896 3925 temporis
1928 3839 2138 3901 aetas
2155 3882 2193 3916 ,.

286 4033 302 4048 0
430 3840 792 4007 Reddidit
813 3919 1044 4009 Heffe
1071 3930 1106 4007 1
1146 3952 1345 4011 nunc
1368 3933 1497 4040 pia
1528 3953 1709 4011 cura
1741 3935 1917 4015 mei.

2782 4030 2974 4116 Hel:
