3470 4568
292 361 1705 487 'HIERONYMUS
1846 354 2845 482 COLUMNA

926 580 1528 695 JOANNI
1636 577 2086 666 FILIO
2196 577 2276 664 s,

523 847 587 918 ἧς
897 875 919 900 .,
1106 828 1115 838 ·
1184 800 1343 878 Um
1396 793 1686 893 dolori,
1750 802 2080 893 Ioannes
2115 785 2262 887 fili,
2323 818 2481 900 quo
2507 786 2972 902 'gravissime

707 945 856 1014 aba..
969 911 1003 976 ’ὲ
1181 937 1276 994 ex
1309 915 1720 993 immaturo
1739 912 2018 991 Matris
2055 902 2483 986 tuae-obitu
2523 896 2931 1016 affligebar,

599 1095 608 1114 .
671 1053 673 1064 ’
747 1127 750 1135 ¹
1182 1049 1429 1132 neque
1482 1020 1763 1105 modus
1820 1023 2274 1100 inveniretur
2310 1081 2329 1119 ,
2421 1040 2669 1123 neque
2743 1012 2933 1097 mihi

885 1118 914 1149 ⁸
1045 1150 1081 1181 ⁸*
1180 1141 1524 1218 intanta
1573 1133 1997 1216 calamitate
2051 1126 2125 1210 se
2194 1154 2313 1209 res
2364 1123 2670 1211 offerret
2738 1125 2933 1224 ulla,

1178 1273 1376 1355 quae
1425 1244 1677 1357 aliqua
1726 1242 1988 1326 saltem
2042 1267 2137 1323 ex
2189 1264 2401 1351 parte
2450 1266 2629 1323 eum
2679 1246 2936 1323 immi-

843 1390 868 1453 ,*
907 1367 924 1372 “’
953 1367 1068 1474 ‘f‘
1177 1381 1502 1454 nueret3
1597 1355 1678 1441 id
1745 1352 2051 1438 tandem
2127 1350 2413 1437 consilii
2485 1380 2748 1464 capere
2817 1358 2936 1437 vi-

929 1494 973 1551 <
1012 1465 1045 1498 ⁴
1178 1469 1341 1553 sum
1378 1469 1490 1553 est
1526 1533 1545 1566 ,
1625 1494 1714 1552 ut
1749 1465 2212 1582 gravioribus
2248 1462 2514 1548 studiis
2568 1464 2936 1549 intermis-

1180 1578 1279 1666 fis
1317 1635 1337 1666 ‚
1412 1590 1749 1665 animum
1819 1578 1952 1681 ad·
2012 1574 2548 1661 mansuetiores
2623 1576 2930 1673 Musas,

279 1691 568 1806 quibus
626 1722 1080 1811 magnopere
1129 1692 1225 1777 ab
1276 1702 1581 1777 ineunte
1634 1716 1881 1777 aetate
1935 1689 2222 1777 fueram
2278 1686 2696 1773 delec⁶tatus
2724 1755 2745 1786 ,
2826 1696 2937 1773 re-

277 1834 661 1894 vocarem.
773 1813 1033 1920 Qam
1091 1805 1409 1890 instituti
1468 1814 1617 1890 mei
1672 1813 2042 1888 rationem
2104 1830 2255 1885 non
2295 1799 2767 1886 mediocriter
2799 1830 2934 1888 au-

271 1927 406 2005 -xit
464 1943 602 2000 tua
654 1946 1004 2029 paternae
1054 1915 1570 2030 propensionis
1622 1915 2053 2001 aemulatio,
2162 1912 2539 1997 Videbam
2597 1922 2800 1996 enim
2856 1940 2936 2000 te

289 2029 707 2116 incredibili
728 2031 1068 2142 quodam
1116 2028 1484 2131 desiderio
1538 2030 1977 2144 flagrantem
2020 2092 2043 2122 ,
2115 2049 2409 2110 veteres
2444 2031 2756 2110 Latinae
2802 2027 2941 2112 lin-

296 2166 501 2257 guae
536 2142 939 2254 Scriptores
978 2142 1499 2254 perquirendi,
1532 2168 1792 2252 ⁴atque
1829 2138 2025 2223 adeo
2066 2134 2569 2249 pernoscendi.
2669 2145 2937 2252 ltaque

294 2257 479 2339 cum
515 2257 841 2366 primum
878 2261 1143 2368 potui,⁸
1199 2279 1553 2367 tanquam
1592 2263 1669 2338 in
1709 2278 2026 2367 portum
2055 2251 2385 2361 aliquem
2411 2316 2430 2348 ,
2487 2251 2771 2346 contuli
2814 2282 2939 2340 me

289 2378 371 2453 in
402 2368 942 2456 Bibliothecam
970 2435 991 2466 ‚
1063 2392 1339 2478 atque,
1400 2393 1489 2452 ut
1526 2396 1679 2451 uno
1719 2393 2106 2476 tempore,
2165 2365 2241 2446 ὅ(
2283 2362 2720 2466 hujusmodi
2779 2365 2939 2451 stu-

284 2480 599 2566 diorum
652 2481 1159 2566 oblet‘iatione
1212 2488 1549 2580 animum
1605 2477 1992 2574 molestia,
2064 2503 2153 2559 ae
2206 2474 2682 2587 titudineque
2734 2478 2940 2565 leva-

290 2622 501 2689 rem,
565 2594 813 2690 &tihi
858 2619 1004 2696 ³tua
1039 2597 1307 2706 sponte
1352 2599 1674 2696 currenti
1727 2589 2035 2688 calearia
2090 2617 2135 2671 a
2190 2586 2444 2671 derem
2486 2653 2505 2683 ,
2584 2591 2936 2680 evolvere

291 2714 515 2816 coepi
548 2704 915 2815 quicquid
953 2702 1137 2804 olim
1162 2728 1516 2803 ‚veterum
1553 2709 1962 2802 Poetarum
1990 2700 2580 2812 fragmentorum
2616 2730 2710 2786 ex
2742 2715 2940 2788 anti.

295 2826 472 2929 quis
503 2821 1049 2906 Grammaticis
1072 2818 1521 2930 collegeram
1548 2852 1571 2910 ς
1632 2825 2116 2926 primumque
2146 2807 2307 2892 fato
2331 2808 2572 2893 nescio
2609 2841 2768 2923 quo
2791 2825 2939 2902 En-

295 2939 401 3014 nii
438 2938 672 3042 patris
710 2953 1228 3015 occurrerunt=
1306 2955 1501 3038 quae
1539 2926 1989 3035 simulatque
2027 2923 2160 3008 tibi
2201 2929 2276 3005 in
2314 2951 2581 3010 manus
2619 2924 2931 3030 tradidi,

289 3068 536 3153 eaque
568 3040 924 3144 summis,
1001 3065 1092 3123 ut
1124 3047 1374 3143 ajunt,
1429 3039 1642 3134 labiis
1672 3036 2050 3133 delibasti,
2107 3064 2194 3118 ca
2251 3061 2761 3151 tusgermana
2815 3042 2940 3129 illa

272 3159 764 3268 eloquentia,
825 3155 901 3236 &
941 3159 1200 3238 nativo
1224 3157 1575 3248 Romani
1612 3151 1972 3234 sermonis
2025 3177 2161 3242 can
2216 3175 2388 3258 ore,
2427 3148 2938 3246 „vehementer

292 3266 723 3385 ingemuisti
745 3332 764 3363 ‚
827 3263 1042 3376 quod
1082 3287 1245 3366 tam
1272 3291 1510 3376 pauca
1543 3292 1640 3362 ex
1678 3287 1835 3345 tam
1865 3268 2124 3373 magni
2153 3269 2440 3373 poetae
2476 3291 2930 3350 monumen.

294 3390 401 3467 tis
433 3380 720 3487 reliqua
749 3371 1216 3489 superess'ent.
1274 3386 1390 3464 Ac
1425 3375 1613 3462 illud
1648 3373 2116 3487 potissimum
2158 3400 2279 3472 me
2315 3383 2390 3455 in
2428 3403 2549 3456 ma
2608 3403 2777 3459 nam
2820 3386 2938 3463 tui

290 3491 935 3605 exspef'rationem
968 3485 1284 3574 adduxit
1309 3554 1329 3585 ,
1388 3485 1603 3597 quod
1639 3487 1883 3597 qualis
1915 3508 2393 3595 quantusque
2412 3485 2533 3568 ille
2584 3498 2815 3586 uerit,
2840 3519 2938 3574 ex

300 3611 566 3720 paucis
647 3602 982 3712 reliquiis
1017 3668 1037 3700 ,
1129 3625 1489 3706 tanquam
1538 3599 2007 3686 leonem‘ex
2058 3596 2433 3710 unguibus
2469 3665 2490 3696 ,
2564 3598 2940 3704 judicasti.

304 3723 571 3827 Quare
602 3712 1036 3799 existimans
1065 3712 1555 3828 gratissimum
1590 3740 1713 3812 me
1765 3710 1901 3812 tibi
1933 3708 2343 3824 fae'rurum,
2401 3737 2719 3796 conatus
2769 3711 2936 3798 sum

274 3825 568 3940 ‚quoad
602 3834 768 3930 ejus
802 3822 960 3910 fieri
992 3830 1299 3938 potuit,
1360 3853 1460 3936 ‚ea
1509 3823 1966 3938 fragmenta,
2029 3850 2238 3931 -quae
2276 3824 2321 3903 a
2358 3832 2664 3934 proprio
2701 3826 2938 3910 veluti

306 3967 631 4054 corpore
652 3936 978 4043 sejunaa
996 3997 1019 4033 ,
1041 3939 1117 4020 &
1135 3935 1656 4022 minutissimas
1689 3942 1770 4017 in
1804 3958 2057 4046 partes
2083 3932 2445 4044 discerpta
2481 3942 2558 4015 in
2591 3960 2933 4032 veterum

309 4058 837 4142 monumentis
870 4058 1294 4138 inveneram
1318 4115 1340 4150 ,
1405 4058 1494 4136 in
1527 4046 1871 4209 ordinem
1907 4043 2279 4163 digerere,
2354 4045 2431 4127 δε
2467 4047 2783 4158 poeseos
2810 4079 2948 4245 pe..

1043 4194 1046 4198 ’
1704 4164 1805 4272 *t
1922 4189 1958 4260 3
2843 4171 2957 4247 uti
