<?xml version="1.0" encoding="UTF-8"?>
<!DOCTYPE html PUBLIC "-//W3C//DTD XHTML 1.0 Transitional//EN"
    "http://www.w3.org/TR/xhtml1/DTD/xhtml1-transitional.dtd">
<html xmlns="http://www.w3.org/1999/xhtml" xml:lang="en" lang="en">
 <head>
  <title>
</title>
<meta http-equiv="Content-Type" content="text/html;charset=utf-8" />
  <meta name='ocr-system' content='tesseract 3.04.00' />
  <meta name='ocr-capabilities' content='ocr_page ocr_carea ocr_par ocr_line ocrx_word'/>
</head>
<body>
  <div class='ocr_page' id='page_1' title='image "./qenniipoetaevet00vossgoog_0036.png"; bbox 0 0 3470 4568; ppageno 0'>
   <div class='ocr_carea' id='block_1_1' title="bbox 504 306 3290 3164">
    <p class='ocr_par' dir='ltr' id='par_1_1' title="bbox 504 306 3290 1988">
     <span class='ocr_line' id='line_1_1' title="bbox 545 306 3217 419; baseline -0 -36"><span class='ocrx_word' id='word_1_1' title='bbox 545 331 728 415; x_wconf 79' lang='lat' dir='ltr'><em>ptum</em></span> <span class='ocrx_word' id='word_1_2' title='bbox 767 306 848 403; x_wconf 80' lang='lat' dir='ltr'><em>est</em></span> <span class='ocrx_word' id='word_1_3' title='bbox 885 313 952 380; x_wconf 87' lang='lat' dir='ltr'><em>in</em></span> <span class='ocrx_word' id='word_1_4' title='bbox 989 306 1149 380; x_wconf 88' lang='lat' dir='ltr'><em>libro</em></span> <span class='ocrx_word' id='word_1_5' title='bbox 1168 310 1539 414; x_wconf 79' lang='lat' dir='ltr'><em>-Sempronii</em></span> <span class='ocrx_word' id='word_1_6' title='bbox 1576 315 1930 407; x_wconf 73' lang='lat' dir='ltr'><em>Asellionis</em></span> <span class='ocrx_word' id='word_1_7' title='bbox 1951 319 2188 419; x_wconf 77' lang='lat' dir='ltr'><em>primo.</em></span> <span class='ocrx_word' id='word_1_8' title='bbox 2273 318 2389 387; x_wconf 82' lang='lat' dir='ltr'><em>Ex</em></span> <span class='ocrx_word' id='word_1_9' title='bbox 2425 336 2542 409; x_wconf 81' lang='lat' dir='ltr'><em>quo</em></span> <span class='ocrx_word' id='word_1_10' title='bbox 2576 308 2737 385; x_wconf 85' lang='lat' dir='ltr'><em>libro</em></span> <span class='ocrx_word' id='word_1_11' title='bbox 2764 311 2966 414; x_wconf 74' lang='lat' dir='ltr'><em>plura</em></span> <span class='ocrx_word' id='word_1_12' title='bbox 3013 309 3217 383; x_wconf 80' lang='lat' dir='ltr'><em>verba</em></span> 
     </span>
     <span class='ocr_line' id='line_1_2' title="bbox 561 410 3213 517; baseline -0.001 -36"><span class='ocrx_word' id='word_1_13' title='bbox 561 410 1034 511; x_wconf 65' lang='lat' dir='ltr'><em>adscripsimus,</em></span> <span class='ocrx_word' id='word_1_14' title='bbox 1083 434 1151 479; x_wconf 88' lang='lat' dir='ltr'><em>ut</em></span> <span class='ocrx_word' id='word_1_15' title='bbox 1166 410 1365 497; x_wconf 84' lang='lat' dir='ltr'><em>stmul</em></span> <span class='ocrx_word' id='word_1_16' title='bbox 1400 410 1675 506; x_wconf 78' lang='lat' dir='ltr'><em>ibidem,</em></span> <span class='ocrx_word' id='word_1_17' title='bbox 1726 419 1881 513; x_wconf 86' lang='lat' dir='ltr'><em>quid</em></span> <span class='ocrx_word' id='word_1_18' title='bbox 1917 419 2038 517; x_wconf 77' lang='lat' dir='ltr'><em>ipse</em></span> <span class='ocrx_word' id='word_1_19' title='bbox 2063 422 2243 485; x_wconf 77' lang='lat' dir='ltr'><em>inter</em></span> <span class='ocrx_word' id='word_1_20' title='bbox 2277 440 2379 485; x_wconf 93' lang='lat' dir='ltr'><em>res</em></span> <span class='ocrx_word' id='word_1_21' title='bbox 2403 411 2741 511; x_wconf 74' lang='lat' dir='ltr'><em>gestas,&amp;</em></span> <span class='ocrx_word' id='word_1_22' title='bbox 2762 415 3056 481; x_wconf 85' lang='lat' dir='ltr'><em>Annales</em></span> <span class='ocrx_word' id='word_1_23' title='bbox 3094 416 3213 500; x_wconf 86' lang='lat' dir='ltr'><em>effe</em></span> 
     </span>
     <span class='ocr_line' id='line_1_3' title="bbox 562 504 3214 610; baseline -0 -31"><span class='ocrx_word' id='word_1_24' title='bbox 562 509 808 579; x_wconf 83' lang='lat' dir='ltr'><em>dixerit</em></span> <span class='ocrx_word' id='word_1_25' title='bbox 825 560 851 599; x_wconf 86' lang='lat'><em>,</em></span> <span class='ocrx_word' id='word_1_26' title='bbox 901 504 1368 598; x_wconf 88' lang='lat' dir='ltr'><em>ostenderemus.</em></span> <span class='ocrx_word' id='word_1_27' title='bbox 1436 515 1671 584; x_wconf 85' lang='lat' dir='ltr'><em>Verum</em></span> <span class='ocrx_word' id='word_1_28' title='bbox 1706 523 1876 586; x_wconf 86' lang='lat' dir='ltr'><em>inter</em></span> <span class='ocrx_word' id='word_1_29' title='bbox 1917 542 2012 586; x_wconf 88' lang='lat' dir='ltr'><em>eos</em></span> <span class='ocrx_word' id='word_1_30' title='bbox 2028 564 2053 605; x_wconf 91' lang='lat'><em>,</em></span> <span class='ocrx_word' id='word_1_31' title='bbox 2104 521 2309 610; x_wconf 86' lang='lat' dir='ltr'><em>inquit</em></span> <span class='ocrx_word' id='word_1_32' title='bbox 2324 563 2352 604; x_wconf 98' lang='lat'><em>,</em></span> <span class='ocrx_word' id='word_1_33' title='bbox 2401 519 2507 608; x_wconf 78' lang='lat' dir='ltr'><em>qui</em></span> <span class='ocrx_word' id='word_1_34' title='bbox 2526 513 2824 582; x_wconf 87' lang='lat' dir='ltr'><em>Annales</em></span> <span class='ocrx_word' id='word_1_35' title='bbox 2855 513 3214 602; x_wconf 79' lang='lat' dir='ltr'><em>relinquere</em></span> 
     </span>
     <span class='ocr_line' id='line_1_4' title="bbox 563 607 3214 714; baseline -0.001 -36"><span class='ocrx_word' id='word_1_36' title='bbox 563 610 894 697; x_wconf 75' lang='lat' dir='ltr'><em>volutffent</em></span> <span class='ocrx_word' id='word_1_37' title='bbox 924 656 951 696; x_wconf 88' lang='lat'><em>,</em></span> <span class='ocrx_word' id='word_1_38' title='bbox 1018 607 1097 680; x_wconf 63' lang='grc' dir='ltr'><em>ὠ·</em></span> <span class='ocrx_word' id='word_1_39' title='bbox 1133 634 1230 678; x_wconf 91' lang='lat' dir='ltr'><em>eos</em></span> <span class='ocrx_word' id='word_1_40' title='bbox 1263 615 1370 702; x_wconf 86' lang='lat' dir='ltr'><em>qui</em></span> <span class='ocrx_word' id='word_1_41' title='bbox 1405 636 1505 679; x_wconf 91' lang='lat' dir='ltr'><em>res</em></span> <span class='ocrx_word' id='word_1_42' title='bbox 1531 610 1735 711; x_wconf 75' lang='lat' dir='ltr'><em>gestas</em></span> <span class='ocrx_word' id='word_1_43' title='bbox 1773 616 1814 683; x_wconf 71' lang='grc' dir='ltr'><em>ἀ</em></span> <span class='ocrx_word' id='word_1_44' title='bbox 1852 619 2145 684; x_wconf 80' lang='lat' dir='ltr'><em>Romanis</em></span> <span class='ocrx_word' id='word_1_45' title='bbox 2186 608 2576 714; x_wconf 77' lang='lat' dir='ltr'><em>perfiribere</em></span> <span class='ocrx_word' id='word_1_46' title='bbox 2631 615 2837 680; x_wconf 84' lang='lat' dir='ltr'><em>conati</em></span> <span class='ocrx_word' id='word_1_47' title='bbox 2870 611 3056 696; x_wconf 80' lang='lat' dir='ltr'><em>effent</em></span> <span class='ocrx_word' id='word_1_48' title='bbox 3072 657 3098 698; x_wconf 92' lang='lat'><em>,</em></span> <span class='ocrx_word' id='word_1_49' title='bbox 3145 634 3214 676; x_wconf 88' lang='lat' dir='ltr'><em>o-</em></span> 
     </span>
     <span class='ocr_line' id='line_1_5' title="bbox 562 707 3218 801; baseline -0 -25"><span class='ocrx_word' id='word_1_50' title='bbox 562 712 807 776; x_wconf 86' lang='lat' dir='ltr'><em>mnium</em></span> <span class='ocrx_word' id='word_1_51' title='bbox 860 731 1076 775; x_wconf 89' lang='lat' dir='ltr'><em>rerum</em></span> <span class='ocrx_word' id='word_1_52' title='bbox 1115 707 1226 777; x_wconf 83' lang='lat' dir='ltr'><em>hoc</em></span> <span class='ocrx_word' id='word_1_53' title='bbox 1283 708 1595 800; x_wconf 69' lang='lat' dir='ltr'><em>interfuit.</em></span> <span class='ocrx_word' id='word_1_54' title='bbox 1696 716 1996 783; x_wconf 89' lang='lat' dir='ltr'><em>Annales</em></span> <span class='ocrx_word' id='word_1_55' title='bbox 2048 709 2204 780; x_wconf 85' lang='lat' dir='ltr'><em>libri</em></span> <span class='ocrx_word' id='word_1_56' title='bbox 2257 710 2676 782; x_wconf 85' lang='lat' dir='ltr'><em>tantummodo</em></span> <span class='ocrx_word' id='word_1_57' title='bbox 2695 757 2720 798; x_wconf 91' lang='lat'><em>,</em></span> <span class='ocrx_word' id='word_1_58' title='bbox 2769 707 2933 801; x_wconf 88' lang='lat' dir='ltr'><em>quod</em></span> <span class='ocrx_word' id='word_1_59' title='bbox 2965 707 3218 798; x_wconf 62' lang='lat' dir='ltr'><em>fastum</em></span> 
     </span>
     <span class='ocr_line' id='line_1_6' title="bbox 563 801 3210 905; baseline 0 -31"><span class='ocrx_word' id='word_1_60' title='bbox 563 830 799 901; x_wconf 86' lang='lat' dir='ltr'><em>quoque</em></span> <span class='ocrx_word' id='word_1_61' title='bbox 836 831 993 875; x_wconf 87' lang='lat' dir='ltr'><em>anno</em></span> <span class='ocrx_word' id='word_1_62' title='bbox 1015 801 1334 905; x_wconf 72' lang='lat' dir='ltr'><em>gestumve</em></span> <span class='ocrx_word' id='word_1_63' title='bbox 1346 810 1439 895; x_wconf 85' lang='lat' dir='ltr'><em>fit</em></span> <span class='ocrx_word' id='word_1_64' title='bbox 1455 856 1483 897; x_wconf 97' lang='lat'><em>,</em></span> <span class='ocrx_word' id='word_1_65' title='bbox 1531 807 1604 877; x_wconf 83' lang='lat' dir='ltr'><em>id</em></span> <span class='ocrx_word' id='word_1_66' title='bbox 1642 808 2158 902; x_wconf 83' lang='lat' dir='ltr'><em>demonstrabant.</em></span> <span class='ocrx_word' id='word_1_67' title='bbox 2214 808 2300 881; x_wconf 88' lang='lat' dir='ltr'><em>Id</em></span> <span class='ocrx_word' id='word_1_68' title='bbox 2334 833 2542 879; x_wconf 85' lang='lat' dir='ltr'><em>eorum</em></span> <span class='ocrx_word' id='word_1_69' title='bbox 2577 803 2658 897; x_wconf 87' lang='lat' dir='ltr'><em>est</em></span> <span class='ocrx_word' id='word_1_70' title='bbox 2675 855 2700 896; x_wconf 90' lang='lat'><em>,</em></span> <span class='ocrx_word' id='word_1_71' title='bbox 2751 808 2929 898; x_wconf 84' lang='lat' dir='ltr'><em>quasi</em></span> <span class='ocrx_word' id='word_1_72' title='bbox 2937 809 3048 896; x_wconf 88' lang='lat' dir='ltr'><em>qui</em></span> <span class='ocrx_word' id='word_1_73' title='bbox 3062 804 3210 901; x_wconf 76' lang='lat' dir='ltr'><em>dia-</em></span> 
     </span>
     <span class='ocr_line' id='line_1_7' title="bbox 565 900 3214 999; baseline -0.001 -26"><span class='ocrx_word' id='word_1_74' title='bbox 565 911 736 973; x_wconf 84' lang='lat' dir='ltr'><em>rium</em></span> <span class='ocrx_word' id='word_1_75' title='bbox 757 902 1048 996; x_wconf 77' lang='lat' dir='ltr'><em>scribunt</em></span> <span class='ocrx_word' id='word_1_76' title='bbox 1065 954 1090 995; x_wconf 90' lang='lat'><em>,</em></span> <span class='ocrx_word' id='word_1_77' title='bbox 1141 928 1328 996; x_wconf 86' lang='lat' dir='ltr'><em>quam</em></span> <span class='ocrx_word' id='word_1_78' title='bbox 1362 912 1596 975; x_wconf 86' lang='lat' dir='ltr'><em>Graeci</em></span> <span class='ocrx_word' id='word_1_79' title='bbox 1628 915 1968 999; x_wconf 71' lang='grc' dir='ltr'><strong><em>ἐφημερίδα</em></strong></span> <span class='ocrx_word' id='word_1_80' title='bbox 2002 931 2230 979; x_wconf 83' lang='lat' dir='ltr'><em>vocant</em></span> <span class='ocrx_word' id='word_1_81' title='bbox 2245 959 2271 999; x_wconf 92' lang='lat'><em>,</em></span> <span class='ocrx_word' id='word_1_82' title='bbox 2341 904 2510 977; x_wconf 90' lang='lat' dir='ltr'><em>nobis</em></span> <span class='ocrx_word' id='word_1_83' title='bbox 2545 931 2666 975; x_wconf 90' lang='lat' dir='ltr'><em>non</em></span> <span class='ocrx_word' id='word_1_84' title='bbox 2699 900 2879 973; x_wconf 69' lang='lat' dir='ltr'><em>modo</em></span> <span class='ocrx_word' id='word_1_85' title='bbox 2897 906 3063 993; x_wconf 81' lang='lat' dir='ltr'><em>satis</em></span> <span class='ocrx_word' id='word_1_86' title='bbox 3097 905 3214 991; x_wconf 70' lang='lat' dir='ltr'><em>effe</em></span> 
     </span>
     <span class='ocr_line' id='line_1_8' title="bbox 568 1001 3213 1105; baseline -0.001 -33"><span class='ocrx_word' id='word_1_87' title='bbox 568 1003 758 1073; x_wconf 84' lang='lat' dir='ltr'><em>video</em></span> <span class='ocrx_word' id='word_1_88' title='bbox 778 1053 809 1097; x_wconf 88' lang='lat'><em>,</em></span> <span class='ocrx_word' id='word_1_89' title='bbox 857 1001 1023 1098; x_wconf 86' lang='lat' dir='ltr'><em>quod</em></span> <span class='ocrx_word' id='word_1_90' title='bbox 1040 1001 1288 1095; x_wconf 58' lang='lat' dir='ltr'><em>fabium</em></span> <span class='ocrx_word' id='word_1_91' title='bbox 1322 1004 1465 1092; x_wconf 78' lang='lat' dir='ltr'><em>effet</em></span> <span class='ocrx_word' id='word_1_92' title='bbox 1498 1004 1573 1073; x_wconf 89' lang='lat' dir='ltr'><em>id</em></span> <span class='ocrx_word' id='word_1_93' title='bbox 1595 1013 2016 1105; x_wconf 77' lang='lat' dir='ltr'><em>pronunciare</em></span> <span class='ocrx_word' id='word_1_94' title='bbox 2039 1055 2064 1097; x_wconf 93' lang='lat'><em>,</em></span> <span class='ocrx_word' id='word_1_95' title='bbox 2099 1007 2223 1097; x_wconf 72' lang='lat' dir='ltr'><em>sed</em></span> <span class='ocrx_word' id='word_1_96' title='bbox 2257 1012 2450 1076; x_wconf 88' lang='lat' dir='ltr'><em>etiam</em></span> <span class='ocrx_word' id='word_1_97' title='bbox 2485 1029 2599 1099; x_wconf 87' lang='lat' dir='ltr'><em>quo</em></span> <span class='ocrx_word' id='word_1_98' title='bbox 2635 1004 2873 1090; x_wconf 83' lang='lat' dir='ltr'><em>confilio</em></span> <span class='ocrx_word' id='word_1_99' title='bbox 2893 1050 2919 1090; x_wconf 89' lang='lat'><em>,</em></span> <span class='ocrx_word' id='word_1_100' title='bbox 2969 1026 3213 1094; x_wconf 79' lang='lat' dir='ltr'><em>quaque</em></span> 
     </span>
     <span class='ocr_line' id='line_1_9' title="bbox 566 1097 3214 1205; baseline 0 -36"><span class='ocrx_word' id='word_1_101' title='bbox 566 1108 811 1172; x_wconf 87' lang='lat' dir='ltr'><em>ratione</em></span> <span class='ocrx_word' id='word_1_102' title='bbox 834 1098 1006 1199; x_wconf 85' lang='lat' dir='ltr'><em>gesta</em></span> <span class='ocrx_word' id='word_1_103' title='bbox 1041 1104 1269 1191; x_wconf 79' lang='lat' dir='ltr'><em>effent,</em></span> <span class='ocrx_word' id='word_1_104' title='bbox 1319 1100 1755 1193; x_wconf 88' lang='lat' dir='ltr'><em>demonstrare.</em></span> <span class='ocrx_word' id='word_1_105' title='bbox 1810 1101 2041 1173; x_wconf 70' lang='lat' dir='ltr'><em>Paullb</em></span> <span class='ocrx_word' id='word_1_106' title='bbox 2067 1104 2195 1205; x_wconf 83' lang='lat' dir='ltr'><em>post</em></span> <span class='ocrx_word' id='word_1_107' title='bbox 2230 1106 2401 1175; x_wconf 85' lang='lat' dir='ltr'><em>idem</em></span> <span class='ocrx_word' id='word_1_108' title='bbox 2419 1105 2671 1196; x_wconf 79' lang='lat' dir='ltr'><em>Asellio</em></span> <span class='ocrx_word' id='word_1_109' title='bbox 2704 1109 2773 1170; x_wconf 84' lang='lat' dir='ltr'><em>in</em></span> <span class='ocrx_word' id='word_1_110' title='bbox 2789 1100 3006 1170; x_wconf 82' lang='lat' dir='ltr'><em>eodem</em></span> <span class='ocrx_word' id='word_1_111' title='bbox 3022 1097 3214 1170; x_wconf 85' lang='lat' dir='ltr'><em>libro.</em></span> 
     </span>
     <span class='ocr_line' id='line_1_10' title="bbox 570 1196 3286 1298; baseline -0 -31"><span class='ocrx_word' id='word_1_112' title='bbox 570 1205 765 1281; x_wconf 74' lang='lat' dir='ltr'><em>Nam</em></span> <span class='ocrx_word' id='word_1_113' title='bbox 797 1223 990 1293; x_wconf 87' lang='lat' dir='ltr'><em>neque</em></span> <span class='ocrx_word' id='word_1_114' title='bbox 1028 1202 1365 1268; x_wconf 83' lang='lat' dir='ltr'><em>alacriores</em></span> <span class='ocrx_word' id='word_1_115' title='bbox 1402 1199 1492 1269; x_wconf 91' lang='lat' dir='ltr'><em>ad</em></span> <span class='ocrx_word' id='word_1_116' title='bbox 1531 1207 1690 1271; x_wconf 84' lang='lat' dir='ltr'><em>Rem</em></span> <span class='ocrx_word' id='word_1_117' title='bbox 1734 1255 1749 1271; x_wconf 92' lang='lat'><em>.</em></span> <span class='ocrx_word' id='word_1_118' title='bbox 1787 1201 2251 1293; x_wconf 85' lang='lat' dir='ltr'><em>defendendam</em></span> <span class='ocrx_word' id='word_1_119' title='bbox 2283 1251 2308 1293; x_wconf 92' lang='lat'><em>,</em></span> <span class='ocrx_word' id='word_1_120' title='bbox 2375 1226 2567 1296; x_wconf 85' lang='lat' dir='ltr'><em>neque</em></span> <span class='ocrx_word' id='word_1_121' title='bbox 2584 1204 2902 1298; x_wconf 75' lang='lat' dir='ltr'><em>segniores</em></span> <span class='ocrx_word' id='word_1_122' title='bbox 2935 1196 3026 1267; x_wconf 94' lang='lat' dir='ltr'><em>ad</em></span> <span class='ocrx_word' id='word_1_123' title='bbox 3071 1223 3218 1267; x_wconf 79' lang='lat' dir='ltr'><em>rem</em></span> <span class='ocrx_word' id='word_1_124' title='bbox 3259 1268 3286 1293; x_wconf 42' lang='lat'><em>‚-</em></span> 
     </span>
     <span class='ocr_line' id='line_1_11' title="bbox 558 1221 3214 1399; baseline 0 -34"><span class='ocrx_word' id='word_1_125' title='bbox 558 1318 900 1398; x_wconf 81' lang='lat' dir='ltr'><em>perperam</em></span> <span class='ocrx_word' id='word_1_126' title='bbox 920 1296 1306 1389; x_wconf 83' lang='lat' dir='ltr'><em>faciundam</em></span> <span class='ocrx_word' id='word_1_127' title='bbox 1337 1302 1637 1369; x_wconf 88' lang='lat' dir='ltr'><em>Annales</em></span> <span class='ocrx_word' id='word_1_128' title='bbox 1665 1221 1823 1369; x_wconf 50' lang='lat' dir='ltr'><em>iibri</em></span> <span class='ocrx_word' id='word_1_129' title='bbox 1856 1327 2235 1371; x_wconf 83' lang='lat' dir='ltr'><em>commovere</em></span> <span class='ocrx_word' id='word_1_130' title='bbox 2252 1308 2581 1395; x_wconf 81' lang='lat' dir='ltr'><em>quicquam</em></span> <span class='ocrx_word' id='word_1_131' title='bbox 2603 1302 2863 1399; x_wconf 78' lang='lat' dir='ltr'><em>pofflent.</em></span> <span class='ocrx_word' id='word_1_132' title='bbox 2914 1292 3214 1366; x_wconf 82' lang='lat' dir='ltr'><em>Scribere</em></span> 
     </span>
     <span class='ocr_line' id='line_1_12' title="bbox 571 1392 3210 1493; baseline -0.001 -28"><span class='ocrx_word' id='word_1_133' title='bbox 571 1418 783 1466; x_wconf 86' lang='lat' dir='ltr'><em>autem</em></span> <span class='ocrx_word' id='word_1_134' title='bbox 833 1393 1065 1464; x_wconf 84' lang='lat' dir='ltr'><em>bellum</em></span> <span class='ocrx_word' id='word_1_135' title='bbox 1116 1420 1228 1490; x_wconf 87' lang='lat' dir='ltr'><em>quo</em></span> <span class='ocrx_word' id='word_1_136' title='bbox 1283 1401 1510 1465; x_wconf 86' lang='lat' dir='ltr'><em>initum</em></span> <span class='ocrx_word' id='word_1_137' title='bbox 1544 1399 1800 1484; x_wconf 70' lang='lat' dir='ltr'><em>Conficle</em></span> <span class='ocrx_word' id='word_1_138' title='bbox 1817 1447 1843 1488; x_wconf 91' lang='lat'><em>,</em></span> <span class='ocrx_word' id='word_1_139' title='bbox 1911 1397 1988 1470; x_wconf 64' lang='grc' dir='ltr'><em>ὠ·</em></span> <span class='ocrx_word' id='word_1_140' title='bbox 2023 1423 2134 1493; x_wconf 79' lang='lat' dir='ltr'><em>quo</em></span> <span class='ocrx_word' id='word_1_141' title='bbox 2172 1400 2349 1469; x_wconf 83' lang='lat' dir='ltr'><em>modo</em></span> <span class='ocrx_word' id='word_1_142' title='bbox 2405 1399 2743 1490; x_wconf 58' lang='lat' dir='ltr'><em>confestum</em></span> <span class='ocrx_word' id='word_1_143' title='bbox 2755 1399 2846 1483; x_wconf 82' lang='lat' dir='ltr'><em>fit</em></span> <span class='ocrx_word' id='word_1_144' title='bbox 2865 1444 2890 1485; x_wconf 91' lang='lat'><em>,</em></span> <span class='ocrx_word' id='word_1_145' title='bbox 2940 1392 3017 1464; x_wconf 61' lang='grc' dir='ltr'><em>ῤ’</em></span> <span class='ocrx_word' id='word_1_146' title='bbox 3066 1401 3210 1486; x_wconf 86' lang='lat' dir='ltr'><em>quis</em></span> 
     </span>
     <span class='ocr_line' id='line_1_13' title="bbox 573 1492 3213 1594; baseline -0.002 -30"><span class='ocrx_word' id='word_1_147' title='bbox 573 1494 963 1594; x_wconf 82' lang='lat' dir='ltr'><em>triumphans</em></span> <span class='ocrx_word' id='word_1_148' title='bbox 997 1498 1315 1562; x_wconf 81' lang='lat' dir='ltr'><em>introierit</em></span> <span class='ocrx_word' id='word_1_149' title='bbox 1329 1538 1355 1584; x_wconf 87' lang='lat'><em>,</em></span> <span class='ocrx_word' id='word_1_150' title='bbox 1408 1519 1605 1588; x_wconf 84' lang='lat' dir='ltr'><em>exque</em></span> <span class='ocrx_word' id='word_1_151' title='bbox 1641 1522 1708 1564; x_wconf 89' lang='lat' dir='ltr'><em>eo</em></span> <span class='ocrx_word' id='word_1_152' title='bbox 1741 1493 1901 1565; x_wconf 87' lang='lat' dir='ltr'><em>libro</em></span> <span class='ocrx_word' id='word_1_153' title='bbox 1921 1548 1947 1589; x_wconf 91' lang='lat'><em>,</em></span> <span class='ocrx_word' id='word_1_154' title='bbox 1969 1523 2124 1591; x_wconf 79' lang='lat' dir='ltr'><em>quae</em></span> <span class='ocrx_word' id='word_1_155' title='bbox 2159 1526 2224 1568; x_wconf 91' lang='lat' dir='ltr'><em>eo</em></span> <span class='ocrx_word' id='word_1_156' title='bbox 2259 1504 2325 1566; x_wconf 88' lang='lat' dir='ltr'><em>in</em></span> <span class='ocrx_word' id='word_1_157' title='bbox 2359 1493 2519 1565; x_wconf 88' lang='lat' dir='ltr'><em>bello</em></span> <span class='ocrx_word' id='word_1_158' title='bbox 2539 1492 2710 1593; x_wconf 79' lang='lat' dir='ltr'><em>gesta</em></span> <span class='ocrx_word' id='word_1_159' title='bbox 2726 1497 2863 1582; x_wconf 83' lang='lat' dir='ltr'><em>sint</em></span> <span class='ocrx_word' id='word_1_160' title='bbox 2879 1520 2904 1584; x_wconf 61' lang='lat'><em>‘,</em></span> <span class='ocrx_word' id='word_1_161' title='bbox 2923 1497 3163 1562; x_wconf 83' lang='lat' dir='ltr'><em>iterare</em></span> <span class='ocrx_word' id='word_1_162' title='bbox 3182 1522 3213 1578; x_wconf 75' lang='lat'><em>3</em></span> 
     </span>
     <span class='ocr_line' id='line_1_14' title="bbox 573 1590 3210 1693; baseline -0.001 -31"><span class='ocrx_word' id='word_1_163' title='bbox 573 1618 697 1662; x_wconf 86' lang='lat' dir='ltr'><em>non</em></span> <span class='ocrx_word' id='word_1_164' title='bbox 721 1590 1102 1693; x_wconf 86' lang='lat' dir='ltr'><em>praedicare</em></span> <span class='ocrx_word' id='word_1_165' title='bbox 1139 1614 1345 1661; x_wconf 85' lang='lat' dir='ltr'><em>autem</em></span> <span class='ocrx_word' id='word_1_166' title='bbox 1381 1597 1622 1663; x_wconf 88' lang='lat' dir='ltr'><em>interea</em></span> <span class='ocrx_word' id='word_1_167' title='bbox 1657 1593 1814 1686; x_wconf 87' lang='lat' dir='ltr'><em>quid</em></span> <span class='ocrx_word' id='word_1_168' title='bbox 1843 1598 2111 1666; x_wconf 87' lang='lat' dir='ltr'><em>Senatus</em></span> <span class='ocrx_word' id='word_1_169' title='bbox 2143 1596 2539 1684; x_wconf 80' lang='lat' dir='ltr'><em>decreverit,</em></span> <span class='ocrx_word' id='word_1_170' title='bbox 2607 1617 2716 1663; x_wconf 77' lang='lat' dir='ltr'><em>aut</em></span> <span class='ocrx_word' id='word_1_171' title='bbox 2750 1615 2909 1688; x_wconf 85' lang='lat' dir='ltr'><em>quae</em></span> <span class='ocrx_word' id='word_1_172' title='bbox 2943 1593 3055 1659; x_wconf 87' lang='lat' dir='ltr'><em>lex</em></span> <span class='ocrx_word' id='word_1_173' title='bbox 3099 1614 3210 1659; x_wconf 88' lang='lat' dir='ltr'><em>ro·</em></span> 
     </span>
     <span class='ocr_line' id='line_1_15' title="bbox 567 1684 3290 1796; baseline 0.002 -38"><span class='ocrx_word' id='word_1_174' title='bbox 567 1697 826 1790; x_wconf 86' lang='lat' dir='ltr'><em>gatiove</em></span> <span class='ocrx_word' id='word_1_175' title='bbox 860 1692 996 1759; x_wconf 89' lang='lat' dir='ltr'><em>lata</em></span> <span class='ocrx_word' id='word_1_176' title='bbox 1006 1693 1099 1778; x_wconf 84' lang='lat' dir='ltr'><em>sit</em></span> <span class='ocrx_word' id='word_1_177' title='bbox 1115 1738 1141 1775; x_wconf 89' lang='lat'><em>,</em></span> <span class='ocrx_word' id='word_1_178' title='bbox 1199 1714 1394 1782; x_wconf 86' lang='lat' dir='ltr'><em>neque</em></span> <span class='ocrx_word' id='word_1_179' title='bbox 1429 1689 1641 1786; x_wconf 84' lang='lat' dir='ltr'><em>quibus</em></span> <span class='ocrx_word' id='word_1_180' title='bbox 1677 1694 1938 1783; x_wconf 83' lang='lat' dir='ltr'><em>confiliis</em></span> <span class='ocrx_word' id='word_1_181' title='bbox 1971 1721 2048 1764; x_wconf 91' lang='lat' dir='ltr'><em>ea</em></span> <span class='ocrx_word' id='word_1_182' title='bbox 2069 1691 2239 1793; x_wconf 85' lang='lat' dir='ltr'><em>gesta</em></span> <span class='ocrx_word' id='word_1_183' title='bbox 2250 1698 2386 1783; x_wconf 84' lang='lat' dir='ltr'><em>sint</em></span> <span class='ocrx_word' id='word_1_184' title='bbox 2406 1720 2434 1761; x_wconf 93' lang='lat'><em>.·</em></span> <span class='ocrx_word' id='word_1_185' title='bbox 2482 1690 2558 1761; x_wconf 90' lang='lat' dir='ltr'><em>id</em></span> <span class='ocrx_word' id='word_1_186' title='bbox 2573 1690 2838 1784; x_wconf 84' lang='lat' dir='ltr'><em>fabulas</em></span> <span class='ocrx_word' id='word_1_187' title='bbox 2857 1695 3077 1796; x_wconf 76' lang='lat' dir='ltr'><em>pueris</em></span> <span class='ocrx_word' id='word_1_188' title='bbox 3123 1684 3213 1781; x_wconf 80' lang='lat' dir='ltr'><em>est</em></span> <span class='ocrx_word' id='word_1_189' title='bbox 3285 1760 3290 1764; x_wconf 84' lang='lat'><em>.</em></span> 
     </span>
     <span class='ocr_line' id='line_1_16' title="bbox 504 1784 1698 1879; baseline 0.004 -24"><span class='ocrx_word' id='word_1_190' title='bbox 504 1830 519 1844; x_wconf 90' lang='lat'><strong>·</strong></span> <span class='ocrx_word' id='word_1_191' title='bbox 580 1814 854 1858; x_wconf 88' lang='lat' dir='ltr'><em>narrare</em></span> <span class='ocrx_word' id='word_1_192' title='bbox 868 1837 896 1878; x_wconf 98' lang='lat'><em>,</em></span> <span class='ocrx_word' id='word_1_193' title='bbox 945 1813 1065 1856; x_wconf 88' lang='lat' dir='ltr'><em>non</em></span> <span class='ocrx_word' id='word_1_194' title='bbox 1100 1784 1378 1877; x_wconf 74' lang='lat' dir='ltr'><em>historias</em></span> <span class='ocrx_word' id='word_1_195' title='bbox 1396 1787 1698 1879; x_wconf 80' lang='lat' dir='ltr'><em>scribere.</em></span> 
     </span>
     <span class='ocr_line' id='line_1_17' title="bbox 1388 1885 2874 1988; baseline 0.001 -27"><span class='ocrx_word' id='word_1_196' title='bbox 1388 1889 1667 1961; x_wconf 89' lang='lat' dir='ltr'><em>Servius</em></span> <span class='ocrx_word' id='word_1_197' title='bbox 1698 1885 1892 1988; x_wconf 79' lang='lat' dir='ltr'>supra</span> <span class='ocrx_word' id='word_1_198' title='bbox 1935 1913 1962 1962; x_wconf 90' lang='lat'>1</span> <span class='ocrx_word' id='word_1_199' title='bbox 1980 1944 1995 1961; x_wconf 90' lang='lat'><em>.</em></span> <span class='ocrx_word' id='word_1_200' title='bbox 2032 1888 2396 1963; x_wconf 83' lang='lat' dir='ltr'><em>Aeneidos.</em></span> <span class='ocrx_word' id='word_1_201' title='bbox 2871 1924 2874 1927; x_wconf 95' lang='lat'>·</span> 
     </span>
    </p>

    <p class='ocr_par' dir='ltr' id='par_1_2' title="bbox 567 1981 3215 2485">
     <span class='ocr_line' id='line_1_18' title="bbox 690 1981 3214 2087; baseline -0 -31"><span class='ocrx_word' id='word_1_202' title='bbox 690 1991 876 2056; x_wconf 85' lang='lat' dir='ltr'><em>Inter</em></span> <span class='ocrx_word' id='word_1_203' title='bbox 907 1987 1245 2074; x_wconf 89' lang='lat' dir='ltr'><em>Annales,</em></span> <span class='ocrx_word' id='word_1_204' title='bbox 1311 1981 1389 2056; x_wconf 69' lang='grc' dir='ltr'><em>ὠ·</em></span> <span class='ocrx_word' id='word_1_205' title='bbox 1422 1985 1737 2079; x_wconf 84' lang='lat' dir='ltr'><em>historiam</em></span> <span class='ocrx_word' id='word_1_206' title='bbox 1767 1989 1878 2071; x_wconf 73' lang='lat' dir='ltr'><em>hoc</em></span> <span class='ocrx_word' id='word_1_207' title='bbox 1910 1989 2177 2083; x_wconf 70' lang='lat' dir='ltr'><em>interest.</em></span> <span class='ocrx_word' id='word_1_208' title='bbox 2263 1986 2547 2079; x_wconf 73' lang='lat' dir='ltr'><em>Historia</em></span> <span class='ocrx_word' id='word_1_209' title='bbox 2584 1986 2663 2079; x_wconf 87' lang='lat' dir='ltr'><em>est</em></span> <span class='ocrx_word' id='word_1_210' title='bbox 2715 2011 2927 2057; x_wconf 80' lang='lat' dir='ltr'><em>eorum</em></span> <span class='ocrx_word' id='word_1_211' title='bbox 2973 2005 3214 2087; x_wconf 81' lang='lat' dir='ltr'><em>tempo-</em></span> 
     </span>
     <span class='ocr_line' id='line_1_19' title="bbox 572 2081 3215 2189; baseline -0.001 -35"><span class='ocrx_word' id='word_1_212' title='bbox 572 2109 775 2175; x_wconf 61' lang='lat' dir='ltr'><em>rum,</em></span> <span class='ocrx_word' id='word_1_213' title='bbox 808 2109 965 2177; x_wconf 87' lang='lat' dir='ltr'><em>quae</em></span> <span class='ocrx_word' id='word_1_214' title='bbox 996 2086 1108 2150; x_wconf 79' lang='lat' dir='ltr'><em>vel</em></span> <span class='ocrx_word' id='word_1_215' title='bbox 1142 2081 1461 2176; x_wconf 87' lang='lat' dir='ltr'><em>vidimus,</em></span> <span class='ocrx_word' id='word_1_216' title='bbox 1510 2088 1622 2155; x_wconf 86' lang='lat' dir='ltr'><em>vel</em></span> <span class='ocrx_word' id='word_1_217' title='bbox 1654 2086 1883 2158; x_wconf 85' lang='lat' dir='ltr'><em>videre</em></span> <span class='ocrx_word' id='word_1_218' title='bbox 1901 2094 2214 2189; x_wconf 85' lang='lat' dir='ltr'><em>potuimus</em></span> <span class='ocrx_word' id='word_1_219' title='bbox 2231 2138 2257 2179; x_wconf 92' lang='lat'><em>,</em></span> <span class='ocrx_word' id='word_1_220' title='bbox 2324 2087 2494 2157; x_wconf 63' lang='lat' dir='ltr'><em>dieta</em></span> <span class='ocrx_word' id='word_1_221' title='bbox 2529 2090 2644 2157; x_wconf 73' lang='grc' dir='ltr'><em>ἀπὸ</em></span> <span class='ocrx_word' id='word_1_222' title='bbox 2677 2092 2787 2157; x_wconf 77' lang='grc' dir='ltr'><em>τοῦ</em></span> <span class='ocrx_word' id='word_1_223' title='bbox 2817 2094 3064 2174; x_wconf 75' lang='grc' dir='ltr'><em>ἱςορεῒν,</em></span> <span class='ocrx_word' id='word_1_224' title='bbox 3130 2084 3215 2153; x_wconf 84' lang='lat' dir='ltr'><em>id</em></span> 
     </span>
     <span class='ocr_line' id='line_1_20' title="bbox 571 2179 3215 2286; baseline -0.001 -33"><span class='ocrx_word' id='word_1_225' title='bbox 571 2180 656 2272; x_wconf 88' lang='lat' dir='ltr'><em>est</em></span> <span class='ocrx_word' id='word_1_226' title='bbox 684 2181 931 2252; x_wconf 86' lang='lat' dir='ltr'><em>videre.</em></span> <span class='ocrx_word' id='word_1_227' title='bbox 982 2185 1283 2251; x_wconf 79' lang='lat' dir='ltr'><em>Annales</em></span> <span class='ocrx_word' id='word_1_228' title='bbox 1314 2179 1469 2252; x_wconf 73' lang='lat' dir='ltr'><em>verb</em></span> <span class='ocrx_word' id='word_1_229' title='bbox 1488 2185 1640 2275; x_wconf 88' lang='lat' dir='ltr'><em>sunt</em></span> <span class='ocrx_word' id='word_1_230' title='bbox 1670 2209 1884 2256; x_wconf 86' lang='lat' dir='ltr'><em>eorum</em></span> <span class='ocrx_word' id='word_1_231' title='bbox 1902 2180 2202 2256; x_wconf 84' lang='lat' dir='ltr'><em>annorum</em></span> <span class='ocrx_word' id='word_1_232' title='bbox 2217 2237 2243 2278; x_wconf 91' lang='lat'><em>,</em></span> <span class='ocrx_word' id='word_1_233' title='bbox 2294 2184 2371 2256; x_wconf 61' lang='grc' dir='ltr'><em>ῤ’</em></span> <span class='ocrx_word' id='word_1_234' title='bbox 2407 2204 2749 2286; x_wconf 77' lang='lat' dir='ltr'><em>temporum</em></span> <span class='ocrx_word' id='word_1_235' title='bbox 2765 2230 2790 2271; x_wconf 90' lang='lat'><em>,</em></span> <span class='ocrx_word' id='word_1_236' title='bbox 2838 2205 2994 2274; x_wconf 87' lang='lat' dir='ltr'><em>quae</em></span> <span class='ocrx_word' id='word_1_237' title='bbox 3029 2203 3215 2250; x_wconf 85' lang='lat' dir='ltr'><em>aetas</em></span> 
     </span>
     <span class='ocr_line' id='line_1_21' title="bbox 569 2276 3209 2377; baseline 0.001 -29"><span class='ocrx_word' id='word_1_238' title='bbox 569 2278 770 2371; x_wconf 88' lang='lat' dir='ltr'><em>nostra</em></span> <span class='ocrx_word' id='word_1_239' title='bbox 807 2307 927 2350; x_wconf 89' lang='lat' dir='ltr'><em>non</em></span> <span class='ocrx_word' id='word_1_240' title='bbox 962 2282 1178 2367; x_wconf 83' lang='lat' dir='ltr'><em>novit3</em></span> <span class='ocrx_word' id='word_1_241' title='bbox 1229 2280 1396 2352; x_wconf 89' lang='lat' dir='ltr'><em>unde</em></span> <span class='ocrx_word' id='word_1_242' title='bbox 1416 2289 1646 2353; x_wconf 86' lang='lat' dir='ltr'><em>Livius</em></span> <span class='ocrx_word' id='word_1_243' title='bbox 1680 2311 1763 2353; x_wconf 85' lang='lat' dir='ltr'><em>ex</em></span> <span class='ocrx_word' id='word_1_244' title='bbox 1795 2282 2124 2355; x_wconf 78' lang='lat' dir='ltr'><em>annalibus</em></span> <span class='ocrx_word' id='word_1_245' title='bbox 2140 2336 2165 2377; x_wconf 90' lang='lat'><em>,</em></span> <span class='ocrx_word' id='word_1_246' title='bbox 2184 2286 2261 2358; x_wconf 60' lang='grc' dir='ltr'><em>ὅ]</em></span> <span class='ocrx_word' id='word_1_247' title='bbox 2293 2280 2544 2375; x_wconf 71' lang='lat' dir='ltr'><em>historia</em></span> <span class='ocrx_word' id='word_1_248' title='bbox 2577 2276 2822 2371; x_wconf 89' lang='lat' dir='ltr'><em>constat.</em></span> <span class='ocrx_word' id='word_1_249' title='bbox 2875 2282 3064 2350; x_wconf 89' lang='lat' dir='ltr'><em>Haec</em></span> <span class='ocrx_word' id='word_1_250' title='bbox 3096 2303 3209 2350; x_wconf 86' lang='lat' dir='ltr'><em>ta·</em></span> 
     </span>
     <span class='ocr_line' id='line_1_22' title="bbox 567 2377 2950 2485; baseline -0.001 -35"><span class='ocrx_word' id='word_1_251' title='bbox 567 2387 713 2452; x_wconf 71' lang='lat' dir='ltr'><em>men</em></span> <span class='ocrx_word' id='word_1_252' title='bbox 749 2377 1210 2472; x_wconf 63' lang='lat' dir='ltr'><em>confunduntur</em></span> <span class='ocrx_word' id='word_1_253' title='bbox 1244 2382 1549 2473; x_wconf 86' lang='lat' dir='ltr'><em>licenter,</em></span> <span class='ocrx_word' id='word_1_254' title='bbox 1596 2407 1668 2454; x_wconf 83' lang='lat' dir='ltr'><em>ut</em></span> <span class='ocrx_word' id='word_1_255' title='bbox 1702 2381 1815 2454; x_wconf 87' lang='lat' dir='ltr'><em>hoc</em></span> <span class='ocrx_word' id='word_1_256' title='bbox 1848 2388 1974 2454; x_wconf 89' lang='lat' dir='ltr'><em>loco</em></span> <span class='ocrx_word' id='word_1_257' title='bbox 1999 2405 2116 2485; x_wconf 85' lang='lat' dir='ltr'><em>pro</em></span> <span class='ocrx_word' id='word_1_258' title='bbox 2155 2381 2403 2475; x_wconf 86' lang='lat' dir='ltr'><em>historia</em></span> <span class='ocrx_word' id='word_1_259' title='bbox 2435 2387 2636 2477; x_wconf 86' lang='lat' dir='ltr'><em>inquit</em></span> <span class='ocrx_word' id='word_1_260' title='bbox 2671 2379 2950 2449; x_wconf 86' lang='lat' dir='ltr'><em>annales.</em></span> 
     </span>
    </p>

    <p class='ocr_par' dir='ltr' id='par_1_3' title="bbox 1154 2478 2607 2580">
     <span class='ocr_line' id='line_1_23' title="bbox 1154 2478 2607 2580; baseline 0.001 -32"><span class='ocrx_word' id='word_1_261' title='bbox 1154 2478 1508 2577; x_wconf 86' lang='lat' dir='ltr'><em>Praecipui</em></span> <span class='ocrx_word' id='word_1_262' title='bbox 1544 2481 1914 2578; x_wconf 70' lang='lat' dir='ltr'><em>Annalium</em></span> <span class='ocrx_word' id='word_1_263' title='bbox 1950 2483 2170 2555; x_wconf 88' lang='lat' dir='ltr'><em>Rom.</em></span> <span class='ocrx_word' id='word_1_264' title='bbox 2209 2482 2607 2580; x_wconf 84' lang='lat' dir='ltr'><em>Scriptores.</em></span> 
     </span>
    </p>

    <p class='ocr_par' dir='ltr' id='par_1_4' title="bbox 560 2573 3207 3164">
     <span class='ocr_line' id='line_1_24' title="bbox 662 2573 3207 2677; baseline -0.002 -30"><span class='ocrx_word' id='word_1_265' title='bbox 662 2582 896 2647; x_wconf 84' lang='lat' dir='ltr'><em>Livius</em></span> <span class='ocrx_word' id='word_1_266' title='bbox 915 2573 1330 2648; x_wconf 78' lang='lat' dir='ltr'><em>Andronicus</em></span> <span class='ocrx_word' id='word_1_267' title='bbox 1402 2586 1597 2648; x_wconf 87' lang='lat' dir='ltr'><em>rimus</em></span> <span class='ocrx_word' id='word_1_268' title='bbox 1632 2576 1908 2668; x_wconf 71' lang='lat' dir='ltr'><em>versibus</em></span> <span class='ocrx_word' id='word_1_269' title='bbox 1941 2586 2357 2651; x_wconf 87' lang='lat' dir='ltr'><em>Romanorum</em></span> <span class='ocrx_word' id='word_1_270' title='bbox 2386 2605 2488 2648; x_wconf 92' lang='lat' dir='ltr'><em>res</em></span> <span class='ocrx_word' id='word_1_271' title='bbox 2511 2577 2715 2677; x_wconf 85' lang='lat' dir='ltr'><em>gestas</em></span> <span class='ocrx_word' id='word_1_272' title='bbox 2748 2578 3095 2676; x_wconf 79' lang='lat' dir='ltr'><em>complexus</em></span> <span class='ocrx_word' id='word_1_273' title='bbox 3114 2575 3207 2667; x_wconf 78' lang='lat' dir='ltr'><em>est</em></span> 
     </span>
     <span class='ocr_line' id='line_1_25' title="bbox 560 2674 3205 2770; baseline -0.002 -25"><span class='ocrx_word' id='word_1_274' title='bbox 560 2674 747 2746; x_wconf 87' lang='lat' dir='ltr'><em>libris</em></span> <span class='ocrx_word' id='word_1_275' title='bbox 781 2678 1113 2745; x_wconf 88' lang='lat' dir='ltr'><em>XVIII.</em></span> <span class='ocrx_word' id='word_1_276' title='bbox 1167 2674 1317 2744; x_wconf 89' lang='lat' dir='ltr'><em>dein</em></span> <span class='ocrx_word' id='word_1_277' title='bbox 1365 2701 1397 2743; x_wconf 92' lang='lat' dir='ltr'><em>e</em></span> <span class='ocrx_word' id='word_1_278' title='bbox 1430 2683 1720 2770; x_wconf 87' lang='lat' dir='ltr'><em>Ennius,</em></span> <span class='ocrx_word' id='word_1_279' title='bbox 1773 2682 2001 2748; x_wconf 89' lang='lat' dir='ltr'><em>Attius</em></span> <span class='ocrx_word' id='word_1_280' title='bbox 2020 2729 2045 2770; x_wconf 89' lang='lat'><em>,</em></span> <span class='ocrx_word' id='word_1_281' title='bbox 2095 2677 2440 2770; x_wconf 69' lang='lat' dir='ltr'><em>Hostilius,</em></span> <span class='ocrx_word' id='word_1_282' title='bbox 2489 2681 2718 2746; x_wconf 83' lang='lat' dir='ltr'><em>Furius</em></span> <span class='ocrx_word' id='word_1_283' title='bbox 2735 2679 3020 2764; x_wconf 80' lang='lat' dir='ltr'><em>Antias,</em></span> <span class='ocrx_word' id='word_1_284' title='bbox 3039 2677 3205 2741; x_wconf 86' lang='lat' dir='ltr'><em>Cor-</em></span> 
     </span>
     <span class='ocr_line' id='line_1_26' title="bbox 561 2772 3201 2874; baseline -0.001 -31"><span class='ocrx_word' id='word_1_285' title='bbox 561 2776 762 2844; x_wconf 84' lang='lat' dir='ltr'><em>nelius</em></span> <span class='ocrx_word' id='word_1_286' title='bbox 794 2778 1086 2842; x_wconf 85' lang='lat' dir='ltr'><em>Severus.</em></span> <span class='ocrx_word' id='word_1_287' title='bbox 1158 2775 1377 2845; x_wconf 84' lang='lat' dir='ltr'><em>Soluta</em></span> <span class='ocrx_word' id='word_1_288' title='bbox 1411 2772 1566 2846; x_wconf 69' lang='lat' dir='ltr'><em>verb</em></span> <span class='ocrx_word' id='word_1_289' title='bbox 1599 2784 1873 2847; x_wconf 87' lang='lat' dir='ltr'><em>oratione</em></span> <span class='ocrx_word' id='word_1_290' title='bbox 1907 2776 2139 2848; x_wconf 82' lang='lat' dir='ltr'><em>Fabius</em></span> <span class='ocrx_word' id='word_1_291' title='bbox 2177 2780 2388 2848; x_wconf 61' lang='lat' dir='ltr'><em>Pistor</em></span> <span class='ocrx_word' id='word_1_292' title='bbox 2404 2825 2432 2866; x_wconf 98' lang='lat'><em>,</em></span> <span class='ocrx_word' id='word_1_293' title='bbox 2482 2778 2566 2846; x_wconf 92' lang='lat' dir='ltr'><em>L.</em></span> <span class='ocrx_word' id='word_1_294' title='bbox 2604 2775 2976 2874; x_wconf 84' lang='lat' dir='ltr'><em>Calpurnius</em></span> <span class='ocrx_word' id='word_1_295' title='bbox 3011 2773 3148 2861; x_wconf 76' lang='lat' dir='ltr'><em>Pifi</em></span> <span class='ocrx_word' id='word_1_296' title='bbox 3168 2820 3201 2862; x_wconf 86' lang='lat'>‚</span> 
     </span>
     <span class='ocr_line' id='line_1_27' title="bbox 561 2869 3202 2967; baseline -0.001 -28"><span class='ocrx_word' id='word_1_297' title='bbox 561 2878 887 2962; x_wconf 76' lang='lat' dir='ltr'><em>fannius,</em></span> <span class='ocrx_word' id='word_1_298' title='bbox 936 2875 1174 2942; x_wconf 89' lang='lat' dir='ltr'><em>Aelius</em></span> <span class='ocrx_word' id='word_1_299' title='bbox 1210 2869 1491 2964; x_wconf 54' lang='lat' dir='ltr'><em>Ubere,</em></span> <span class='ocrx_word' id='word_1_300' title='bbox 1558 2874 1765 2967; x_wconf 85' lang='lat' dir='ltr'><em>Libo,</em></span> <span class='ocrx_word' id='word_1_301' title='bbox 1815 2879 1928 2944; x_wconf 90' lang='lat' dir='ltr'><em>Cn.</em></span> <span class='ocrx_word' id='word_1_302' title='bbox 1965 2879 2251 2967; x_wconf 85' lang='lat' dir='ltr'><em>Gellius,</em></span> <span class='ocrx_word' id='word_1_303' title='bbox 2319 2880 2433 2944; x_wconf 90' lang='lat' dir='ltr'><em>Cn.</em></span> <span class='ocrx_word' id='word_1_304' title='bbox 2476 2876 2791 2961; x_wconf 85' lang='lat' dir='ltr'><em>Velleius,</em></span> <span class='ocrx_word' id='word_1_305' title='bbox 2840 2874 2962 2939; x_wconf 92' lang='lat' dir='ltr'><em>M.</em></span> <span class='ocrx_word' id='word_1_306' title='bbox 2998 2875 3202 2959; x_wconf 84' lang='lat' dir='ltr'><em>Cato,</em></span> 
     </span>
     <span class='ocr_line' id='line_1_28' title="bbox 567 2967 3206 3073; baseline -0.002 -33"><span class='ocrx_word' id='word_1_307' title='bbox 567 2975 874 3060; x_wconf 88' lang='lat' dir='ltr'><em>Atticus,</em></span> <span class='ocrx_word' id='word_1_308' title='bbox 926 2974 1212 3037; x_wconf 85' lang='lat' dir='ltr'><em>Licinius</em></span> <span class='ocrx_word' id='word_1_309' title='bbox 1222 2976 1517 3061; x_wconf 88' lang='lat' dir='ltr'><em>Macer,</em></span> <span class='ocrx_word' id='word_1_310' title='bbox 1566 2975 1869 3044; x_wconf 86' lang='lat' dir='ltr'><em>Claudius</em></span> <span class='ocrx_word' id='word_1_311' title='bbox 1903 2975 2415 3073; x_wconf 67' lang='lat' dir='ltr'><em>Qadrigarius,</em></span> <span class='ocrx_word' id='word_1_312' title='bbox 2467 2975 2760 3062; x_wconf 80' lang='lat' dir='ltr'><em>Caelius,</em></span> <span class='ocrx_word' id='word_1_313' title='bbox 2807 2967 3033 3058; x_wconf 83' lang='lat' dir='ltr'><em>Caffius</em></span> <span class='ocrx_word' id='word_1_314' title='bbox 3050 2969 3206 3037; x_wconf 89' lang='lat' dir='ltr'><em>He-</em></span> 
     </span>
     <span class='ocr_line' id='line_1_29' title="bbox 562 3063 2375 3164; baseline 0.002 -24"><span class='ocrx_word' id='word_1_315' title='bbox 562 3072 736 3140; x_wconf 84' lang='lat' dir='ltr'><em>mina</em></span> <span class='ocrx_word' id='word_1_316' title='bbox 751 3119 777 3161; x_wconf 92' lang='lat'><em>,</em></span> <span class='ocrx_word' id='word_1_317' title='bbox 800 3151 803 3154; x_wconf 42' lang='grc'><strong>,</strong></span> <span class='ocrx_word' id='word_1_318' title='bbox 827 3063 1168 3160; x_wconf 83' lang='lat' dir='ltr'><em>Fenestella</em></span> <span class='ocrx_word' id='word_1_319' title='bbox 1187 3116 1213 3158; x_wconf 87' lang='lat'><em>,</em></span> <span class='ocrx_word' id='word_1_320' title='bbox 1264 3065 1639 3162; x_wconf 82' lang='lat' dir='ltr'><em>Posthumius</em></span> <span class='ocrx_word' id='word_1_321' title='bbox 1678 3072 1967 3148; x_wconf 84' lang='lat' dir='ltr'><em>Albinus</em></span> <span class='ocrx_word' id='word_1_322' title='bbox 1982 3121 2010 3164; x_wconf 88' lang='lat'><em>,</em></span> <span class='ocrx_word' id='word_1_323' title='bbox 2060 3074 2375 3164; x_wconf 80' lang='lat' dir='ltr'><em>Tanusius.</em></span> 
     </span>
    </p>
   </div>
   <div class='ocr_carea' id='block_1_2' title="bbox 2658 3935 3197 4028">
    <p class='ocr_par' dir='ltr' id='par_1_5' title="bbox 2658 3935 3197 4028">
     <span class='ocr_line' id='line_1_30' title="bbox 2658 3935 3197 4028; baseline 0.002 -16"><span class='ocrx_word' id='word_1_324' title='bbox 2658 3935 2763 4028; x_wconf 80' lang='lat' dir='ltr'>Q</span> <span class='ocrx_word' id='word_1_325' title='bbox 2812 3935 3197 4016; x_wconf 88' lang='lat' dir='ltr'>ENNII</span> 
     </span>
    </p>
   </div>
  </div>
 </body>
</html>
