3470 4568
542 223 646 300 50

1640 318 1750 375 2220>

653 384 698 424 ⁴*
725 393 861 478 ,At
895 383 1076 468 tuba
1115 382 1421 467 terribili
1454 379 1707 466 sonitu
1748 403 2197 466 taratantara
2234 377 2448 464 dixit.

544 631 721 694 Tullo
735 631 973 703 Hostilio
990 632 1109 713 post
1138 631 1352 694 celebre
1376 631 1518 692 illud
1537 634 1692 712 ¹Metii
1711 632 1832 713 sup·

547 710 794 790 plicium.
861 711 997 788 Qa
1039 727 1221 789 ropter
1245 709 1335 769 hic
1364 710 1547 770 versus
1574 730 1703 768 cum
1734 712 1834 782 iis,

547 807 690 865 quae
717 785 962 866 superius
1031 788 1133 845 ista
1148 785 1274 845 sunt
1289 830 1308 860 ,
1323 787 1442 866 jure
1467 788 1684 867 optimo
1701 806 1833 845 con·

549 864 693 924 nesti
720 865 918 944 potest.
959 867 1116 923 Hanc
1147 880 1328 923 autem
1359 865 1507 924 urbis
1521 864 1833 923 demolitio·

548 961 683 1002 nem
709 985 731 1014 ,
789 946 841 1000 Bt
867 942 1081 1000 ruinam
1119 944 1305 1000 Livius
1342 942 1385 1003 l.
1417 961 1467 1001 ι.
1498 943 1572 1000 ita
1611 939 1833 1021 po'e'tice

555 1016 863 1099 descripsit,
905 1037 966 1077 ut
994 1038 1123 1077 eum
1149 1018 1238 1077 vel
1269 1038 1465 1101 magna
1497 1040 1567 1080 ex
1598 1036 1835 1099 parteex

550 1097 737 1155 Ennio
768 1095 1038 1175 sumpfiffe
1063 1095 1302 1155 credam.

625 1174 718 1231 Ar
763 1192 915 1232 Tusa
958 1178 1342 1250 ramnum]
1392 1173 1702 1249 Antiquum
1743 1192 1837 1231 ex-

552 1250 906 1327 pugnationis
934 1268 1148 1306 morem
1172 1250 1429 1328 attingit3
1470 1269 1631 1321 nam,
1672 1267 1731 1307 ut
1763 1253 1837 1308 ait

553 1326 776 1384 Servius
812 1325 1079 1383 l.2.Aen.
1111 1324 1388 1402 plerusque
1416 1327 1486 1383 ad
1510 1326 1686 1384 tubam
1698 1345 1836 1383 ever·

551 1416 670 1459 tum
713 1402 980 1469 civitaten
1025 1400 1156 1478 ficut
1187 1401 1385 1460 Albam
1406 1403 1576 1460 Tullus
1605 1401 1839 1474 Hostilius

541 1476 681 1554 jufflt
711 1481 894 1536 everti.
935 1479 1131 1557 Qem
1159 1497 1375 1538 morem
1405 1481 1438 1535 a
1468 1478 1692 1537 Graecis
1727 1481 1838 1538 Ro·

553 1556 702 1613 mani
730 1554 987 1634 accepifl‘e
1017 1555 1306 1624 videntur3
1365 1574 1529 1627 nam,
1569 1572 1633 1614 ut
1672 1555 1839 1614 reffert

558 1631 888 1691 Plutarchus
901 1674 921 1704 ,
976 1631 1246 1709 Lysander
1287 1629 1354 1689 ad
1393 1632 1558 1690 tibiae
1596 1629 1839 1692 sonitum

552 1707 900 1840 Altlhenarum
915 1728 1101 1767 muros
1124 1707 1324 1786 dejecit
1338 1750 1359 1780 ,
1399 1705 1728 1786 claffemque
1743 1729 1836 1767 ex·

557 1803 596 1842 u
642 1801 706 1841 ιτ.

633 1862 907 1937 Som'ru]
948 1861 1155 1918 Ennius
1175 1859 1411 1918 sonitum
1428 1862 1590 1920 tubae
1623 1862 1841 1932 tribuit3

555 1937 760 1996 Statius
788 1957 1037 1995 murmur
1056 1981 1076 2010 ,
1110 1937 1151 1995 l.
1171 1947 1228 1997 6.
1243 1937 1425 1998 Theb.

632 2016 853 2090 Insonait
881 2016 1054 2073 contr)
1069 2014 1380 2089 Tyrrhenum
1411 2032 1648 2072 murmur

557 2091 826 2170 Virgilius
856 2092 1149 2150 clamorem
1182 2090 1219 2148 1.
1244 2095 1295 2149 8.

633 2168 1012 2246 Tyrrhenusque
1039 2168 1188 2226 tubae
1202 2170 1391 2243 mugire
1414 2179 1501 2243 per
1515 2165 1718 2226 aethera
1734 2166 1837 2224 cla-

790 2264 921 2303 moro

555 2320 809 2399 Uterque
858 2321 926 2381 ad
979 2321 1141 2381 tubae
1176 2322 1524 2381 inventorem
1568 2319 1834 2400 respexit,

554 2416 727 2473 quem
746 2397 985 2457 Meleum
1001 2397 1417 2477 Tyrrhenorum
1439 2399 1834 2475 Imperatorem

550 2474 704 2533 suifl'e
738 2475 951 2534 ferunt:
1007 2478 1252 2553 quamvis
1285 2474 1375 2533 alii
1398 2476 1735 2545 Dircaeum,
1777 2479 1832 2534 st

552 2551 647 2609 alii
675 2551 810 2610 alios
837 2553 1040 2611 dicant.
1108 2553 1215 2612 Sed
1250 2552 1393 2629 apud
1421 2553 1664 2609 Graecos
1694 2555 1832 2624 Tyr-

549 2627 755 2688 rhenae
781 2629 942 2687 tubae
969 2630 1126 2688 usum
1154 2630 1363 2709 primus
1393 2627 1712 2686 Archondas
1752 2628 1830 2685 in-

550 2707 678 2763 tulit
698 2750 715 2776 ‚
729 2705 860 2765 cum
876 2705 1171 2765 Heraclidis
1191 2706 1359 2765 ferret
1387 2703 1676 2783 suppetias.
1694 2708 1835 2763 Rur-

547 2781 633 2840 sus
663 2784 861 2841 Statius
892 2783 930 2840 1.
965 2788 1017 2840 8.
1050 2804 1152 2862 pro
1184 2784 1345 2842 tubae
1369 2781 1552 2839 sonitu
1594 2800 1712 2840 non
1750 2783 1831 2838 in·

553 2858 828 2917 concinui:
859 2860 1030 2929 dixit,
1217 2852 1286 2917 Ο

818 2935 932 3010 jam
936 2936 1113 3008 firevos
1115 2930 1285 3008 fragor
1296 2951 1466 2990 aereus
1488 2936 1671 2991 excitat
1686 2932 1832 3005 enses.

627 3013 1071 3067 Timaui-iuna
1129 3027 1297 3066 mxxr
1331 3011 1353 3088 ]
1425 3008 1836 3079 Ὀυομιιτοποιῒα

551 3103 744 3163 tropus
773 3090 1016 3145 Homero
1047 3086 1306 3162 frequens
1326 3128 1343 3155 ‚
1399 3087 1495 3162 qui
1513 3127 1531 3156 ‚
1572 3102 1633 3143 ut
1663 3085 1836 3143 refert

549 3162 880 3221 Plutarchus
905 3164 963 3219 in
988 3160 1135 3219 illius
1166 3163 1274 3219 vita
1289 3205 1308 3232 ,
1325 3163 1590 3238 quaedam
1607 3166 1837 3219 nomina

437 3236 527 3293 1³3
552 3239 786 3298 omnino
813 3242 962 3318 prius
992 3238 1234 3296 inaudita
1263 3239 1341 3295 ita
1369 3236 1617 3309 effinxit,
1660 3254 1719 3295 ut
1751 3239 1833 3294 ni-

549 3317 633 3375 hil
663 3316 696 3375 ὰ
724 3317 885 3374 rebus
931 3336 1027 3394 per
1067 3315 1174 3391 ipsa
1220 3313 1528 3393 significatis
1571 3312 1834 3391 discrepa-

550 3410 693 3451 rent.
771 3398 819 3450 A
850 3413 966 3469 quo
1011 3392 1329 3469 posteriores
1411 3391 1568 3449 oetae
1600 3392 1831 3460 Graeci,

591 3469 784 3542 uibus,
825 3488 885 3527 ut
900 3470 975 3526 ait
994 3469 1288 3539 Martialis,
1326 3412 1408 3540 esf
1417 3469 1549 3524 nihil
1574 3483 1829 3542 negatum,

548 3489 860 3605 didicerunt
902 3545 1269 3603 inarticulatas
1311 3544 1630 3603 animalium
1662 3562 1828 3601 voces

545 3624 710 3680 novis
731 3663 752 3693 ,
769 3620 1091 3698 fifflciisque
1118 3621 1452 3680 dictionibus
1475 3622 1709 3691 referre,
1728 3640 1828 3678 un-

544 3699 611 3756 de
641 3697 1021 3776 Aristophanes
1051 3699 1109 3755 in
1138 3697 1435 3776 ssaergoizoec
1458 3699 1526 3758 de
1557 3699 1698 3755 ranis
1730 3717 1835 3755 vo·.

544 3775 897 3835 cifetantibus
927 3778 1235 3852 βςεκεὶιεκὲξ
1271 3777 1401 3849 κοὰξ
1433 3776 1564 3848 κοὰξ
1585 3815 1603 3845 ,
1624 3778 1675 3832 8(
1693 3774 1823 3833 Phl-

548 3851 779 3912 loxenus
810 3854 867 3909 in
899 3852 1165 3910 Calathea
1211 3851 1476 3909 inducens
1507 3851 1822 3930 Cyclopem

544 3930 839 4009 Nymphae
872 3928 1024 3987 illius
1069 3947 1256 3986 amore
1293 3926 1716 4006 deflagrantem,
1746 3928 1824 3985 ‘ad

540 4007 779 4065 citharae
811 4004 929 4063 soni
981 4006 1347 4063 imitationem
1378 4005 1696 4081 θςετῖανελὺ
1728 4025 1823 4063 vo·

540 4100 660 4142 cem
691 4079 925 4143 elfinxit.
963 4083 1094 4162 Ejus
1127 4082 1311 4143 versus
1341 4080 1504 4153 sunt,

982 191 1094 303 Q.
1185 193 1651 274 ENN-11
1764 189 2737 270 F'Racussnra

1992 631 2192 711 H‘yoig
2210 631 2399 708 troclea
2430 626 2705 708 κςουομίνη
2738 630 2936 684 τοιαῦτα

1992 709 2171 775 Miz„
2203 711 2349 767 ποιεῖ
2373 702 2694 786 θςετἹαιελὶ
2728 703 3073 783 &efflamu-

1915 784 2001 845 Ad
2030 804 2201 863 quem
2230 783 2525 849 Philoxeni
2553 781 2743 840 locum
2769 781 3063 860 respiciens
3076 781 3212 840 Ari·

1913 862 2211 940 stophanes
2239 862 2299 920 in
2312 861 2481 920 Pluto
2493 903 2515 934 ,
2558 876 2849 918 canentem
2865 858 3100 918 chorum
3119 861 3210 919 in·

1912 940 2107 1012 duxit,
2580 949 2585 952 “

1991 1017 2325 1095 ΘςετἹαηλὺ
2357 1014 2434 1073 τὶν
2468 1013 2747 1073 Κύκλωπι
2777 1012 3100 1083 μιμούμενος.

1915 1096 2006 1153 De
2022 1094 2122 1153 hac
2138 1092 2369 1174 quidem
2380 1092 2723 1151 Graecorum
2737 1089 2992 1149 libertate
3008 1090 3210 1167 Quin·

1915 1171 2168 1231 anianus
2196 1171 2237 1230 l.
2273 1174 2327 1228 8.
2350 1188 2473 1246 c.3.
2502 1170 2688 1246 inquit
2704 1187 2723 1236 3
2763 1170 2967 1242 Fingere
2994 1171 3213 1226 Graecis

1910 1268 2078 1383 Ζῒῖ
2106 1248 2500 1400 3⁶3³AEss
2516 1245 2973 1381 amit?
2991 1243 3213 1381 iffi·

1917 1367 2091 1478 aptar'e
2106 1445 2126 1476 ,
2183 1421 2282 1459 non
2314 1400 2428 1459 alid
2476 1400 2741 1470 libertate,
2794 1399 2957 1475 quam
2986 1416 3093 1475 qua
3133 1401 3216 1458 ius·

1910 1482 2069 1555 primi
2106 1480 2329 1537 homines
2380 1477 2524 1535 rebus
2559 1477 2900 1552 appellationes
2938 1474 3216 1533 dederant.

1921 1556 2090 1628 Nostri
2128 1571 2301 1614 autem
2346 1556 2401 1612 In
2433 1554 2683 1631 jungendo
2713 1593 2735 1622 ,
2785 1566 2880 1608 aas
2921 1551 3214 1610 deri-vando

1910 1633 2143 1709 patalam
2187 1630 2300 1704 anfi
2336 1631 2569 1708 aliquid,
2620 1631 2721 1687 vix
2750 1630 2805 1686 in
2833 1628 2922 1686 boc
2939 1630 3064 1701 satis
3087 1633 3218 1687 rm*-

1910 1712 2153 1786 piumun
2221 1710 2563 1767 Graecorum
2603 1705 2807 1765 deinde
2834 1703 3216 1766 aemulatione

1921 1787 2103 1846 Latini
2122 1784 2315 1864 po'etae
2330 1785 2597 1862 quaedam
2624 1779 2906 1841 finxerunt
2919 1824 2940 1854 ,
2978 1801 3087 1875 que
3104 1783 3211 1843 usu

1912 1859 2114 1941 ,paffim
2157 1861 2412 1921 emollita
2438 1904 2460 1934 ,
2513 1860 2781 1937 tanquam
2826 1878 3040 1938 propria
3076 1857 3210 1919 sunt

1924 1956 2171 2018 recepta,
2222 1956 2285 1996 ut
2313 1940 2592 2017 mugitus,
2648 1956 2943 2007 murmur,
2986 1935 3199 2008 sibilus,

1916 2015 2205 2088 hinnitus,
2244 2014 2521 2087 susurrus,
2560 2016 2818 2072 bombus.
2871 2013 3108 2071 Ennius’
3156 2015 3207 2060 ‘-

1914 2110 2008 2151 tur
2045 2111 2173 2171 prae
2213 2094 2439 2151 caeteris
2480 2092 2682 2149 horum
2715 2090 3017 2148 imitationi
3050 2090 3117 2149 ad
3160 2091 3202 2137 '-

1915 2171 2065 2242 stus,
2122 2186 2185 2227 ut
2215 2170 2378 2232 tubae
2408 2168 2726 2247 clangorem
2767 2167 2993 2226 referret
3023 2209 3044 2237 ,
3098 2187 3201 2225 no-

1917 2266 2043 2307 vam
2073 2245 2395 2325 hujusmodi
2428 2264 2624 2304 vocem
2650 2243 2916 2303 confecit.
2955 2245 3204 2304 AtMaro

1914 2324 1954 2384 l.
1975 2346 2029 2395 9.
2061 2344 2178 2382 non
2204 2326 2362 2382 novis
2380 2324 2589 2394 verbis,
2629 2342 2731 2381 nec
2761 2321 2794 2379 a
2824 2321 3096 2379 Romanis
3108 2340 3204 2380 au·

1912 2403 2067 2461 ribus
2087 2400 2508 2459 abhorrentibus
2524 2443 2546 2473 ,
2570 2398 2660 2459 sed
2688 2395 2987 2457 lefflssimis
3004 2439 3024 2470 ,
3038 2399 3205 2460 tubae

1911 2477 2153 2537 sonitum
2175 2475 2465 2558 expressit,

1987 2563 2070 2613 At
2091 2554 2216 2611 tuba
2245 2552 2520 2612 terribilem
2539 2552 2766 2628 sonum
2784 2550 2962 2628 procul
2988 2571 3204 2612 aenea·

2142 2648 2259 2687 noro

1997 2710 2240 2782 increpuit

1919 2784 2114 2859 Qem
2141 2784 2327 2841 locum
2370 2799 2658 2861 exponens
2692 2780 2915 2839 Servius
2940 2779 3059 2852 ait,
3101 2790 3199 2838 He·

1916 2860 2219 2932 mstichium
2259 2863 2336 2916 eft’
2364 2862 2555 2928 Ennii,
2606 2876 2731 2915 nam
2753 2857 3017 2934 sequentia
3043 2865 3199 2917 Maro

1915 2940 2147 2994 mutavit
2177 2958 2197 2992 .-
2248 2940 2327 2994 ille
2365 2941 2501 2992 enim
2527 2935 2597 2989 ad
2625 2935 3008 3010 exprimendum
3048 2934 3200 2993 mbae

1903 3013 2088 3088 fimum
2113 3015 2188 3069 ait
2215 3020 2590 3071 Taratantara:
2631 3032 2699 3073 <9-
2715 3009 2884 3067 multa
2904 3011 3203 3084 bulmmadi

1920 3088 2150 3164 Virgilius
2172 3108 2287 3145 cum
2316 3089 2483 3165 aspera
2509 3090 2763 3147 invenerit
2780 3129 2800 3158 ,
2837 3103 3032 3159 nurem-
3070 3088 3197 3145 Bon>

1916 3178 2087 3221 tamen
2113 3164 2194 3220 bic
2220 3166 2382 3221 cloelis
2411 3160 2579 3222 verbis
2607 3166 2844 3219 imitatur
2855 3164 3032 3237 smum
3046 3164 3193 3222 nba-

1914 3246 2051 3297 rum.
2094 3242 2341 3299 Imitatus
2368 3242 2447 3299 est
2479 3241 2648 3319 igitur
2682 3244 2839 3298 Maro
2860 3260 2980 3298 non
3012 3238 3191 3299 solum

1917 3315 2154 3374 horridis
2185 3360 2203 3387 ,
2254 3318 2432 3376 obstre
2508 3317 2801 3392 ritibusque
2844 3316 3081 3388 litteris,
3130 3336 3193 3374 ac

1914 3392 2128 3470 syllabis
2155 3393 2351 3452 sonum
2392 3393 2556 3452 ilum
2598 3393 2903 3450 terribilem
2916 3412 2936 3460 3
2994 3392 3190 3455 renim

1909 3472 2070 3528 etiam
2114 3473 2228 3562 pari
2269 3489 2628 3530 numerorum
2668 3470 2961 3529 velocitate
2998 3470 3191 3547 ingen·

1907 3564 2021 3604 tem
2057 3545 2301 3623 spiritum
2331 3548 2605 3606 excitavit.
2649 3548 2711 3603 ln
2735 3548 3019 3622 utriusque
3038 3549 3190 3606 enim

1907 3622 2110 3681 Poetae
2139 3624 2292 3682 versu
2323 3641 2531 3703 praeter
2563 3623 2774 3681 sextum
2805 3626 3005 3681 caeteri
3024 3624 3191 3701 pedes

1905 3699 2102 3775 dac‘tyli
2132 3702 2282 3757 sunt:
2322 3701 2572 3777 quamvis·
2601 3699 2743 3758 Beda
2766 3700 3192 3779 huchirgiliffl

1904 3796 2040 3833 num
2080 3780 2317 3834 omnino
2358 3778 2689 3853 daetylicum
2736 3771 2839 3834 effe
2876 3777 3192 3846 existimet,

1904 3860 2073 3929 q’uem
2122 3854 2195 3909 ita
2237 3854 2375 3932 legit
2406 3855 2662 3912 omnibus
2701 3853 2984 3910 codicibus
3023 3853 3193 3911 refra-

1945 3932 2158 3987 antibus

1908 3950 1941 4009 g
1985 4015 2067 4065 At
2095 3971 2218 4138 tuga
2246 4004 2519 4065 terribilem
2549 4006 2775 4081 sonitum
2800 4004 2977 4081 procul
3003 4006 3193 4062 excitae

2178 4084 2365 4140 orrida.
3190 4106 3197 4111 ·

3051 4157 3197 4213 Eum
