3470 4568
573 232 679 315 ²4
1123 208 1239 315 Q
1342 209 1734 286 Eunu
1851 201 2642 284 Fmeunsn

678 357 783 434 Et
819 345 1037 432 ssmul
1073 379 1169 434 ex
1205 350 1363 432 alto
1403 344 1634 461 longe
1670 346 2112 458 polcerrima
2163 348 2478 459 praepes

681 470 922 547 Laeta
961 464 1247 545 volavit
1274 471 1491 545 avis:
1554 457 1771 543 fimul
1808 485 2078 541 aureus
2121 468 2458 541 exoritur
2496 454 2643 539 Sol.

680 571 990 657 Cedunt
1029 599 1143 658 ter
1178 599 1510 685 quatuor
1545 570 1641 655 de
1680 571 1888 654 caclo
1921 599 2238 684 corpora
2271 571 2517 655 sancta

569 801 725 862 roseo
757 802 943 862 colore
962 846 980 872 ,
1020 801 1164 863 haud
1197 804 1347 864 secus
1372 821 1433 862 ac
1458 804 1525 861 'in
1549 803 1846 883 igne'flam·
1935 800 2096 878 Quas
2128 798 2327 859 deinde
2344 842 2364 871 ,
2417 796 2546 858 cum
2587 799 2817 878 propius
2847 792 3219 869 accessissent,

566 898 674 939 ma.
713 878 882 938 Unde
912 882 1120 940 Ennius
1151 882 1211 938 in
1243 879 1437 941 Medea
1462 879 1683 953 lucem,
1723 898 1846 938 can·
1932 874 2227 935 duodecim
2251 877 2355 934 effe
2378 896 2447 935 co
2566 879 2661 934 vit.
2718 872 2871 933 cum
2904 871 3037 933 verb
3061 874 3218 945 dicit,

565 957 791 1014 dentem
820 957 997 1016 facem
1024 957 1338 1038 appellavit.
1378 957 1561 1015 Attius
1590 960 1649 1015 in
1667 956 1848 1017 Phoe·
1931 958 1999 1007 Et
2021 952 2182 1026 simul
2219 974 2283 1011 ex
2321 953 2442 1009 alto'
2477 955 2590 1027 enge
2615 951 2956 1040 polcherrima·
2983 963 3219 1024 praepes,

565 1031 716 1091 niffis
735 1076 752 1103 ,
1932 1030 2148 1105 respicit
2173 1029 2240 1087 ad
2273 1031 2630 1106 antiquorum
2646 1028 2715 1086 de
2744 1029 2985 1105 auguriis
3001 1026 3219 1103 opinio·

640 1109 739 1180 Sol,
754 1110 845 1184 qui
861 1111 1134 1167 micantem
1151 1109 1360 1166 candido
1376 1123 1701 1184 curru,aetque
1715 1111 1854 1185 equis
1934 1124 2062 1162 nem
2080 1147 2097 1175 ,
2138 1107 2238 1182 qui
2271 1105 2658 1175 crediderunt,
2698 1102 2730 1162 ὲ
2763 1101 2915 1162 caelo
2947 1122 3068 1161 non
3107 1100 3218 1164 fine
3255 1101 3329 1157 68

641 1186 880 1242 Flamam
905 1188 1073 1242 citatis
1095 1186 1301 1258 fervido
1316 1185 1494 1240 ardore
1508 1185 1738 1259 explicas.
1932 1182 2184 1239 Deorum
2203 1183 2490 1241 voluntate
2505 1185 2630 1240 aries
2646 1181 2906 1239 immitti:
2947 1199 3081 1238 eum
3097 1182 3222 1256 qui·

562 1260 770 1317 Rursus
798 1263 1007 1319 Ennius
1032 1261 1100 1319 de
1133 1262 1296 1320 Lucis
1319 1259 1553 1318 candore
1584 1261 1644 1318 in
1662 1264 1849 1319 Mena·
1930 1257 2062 1330 bus,
2102 1261 2368 1335 quoniam
2383 1258 2494 1317 alte
2517 1258 2749 1329 .volant,
2797 1260 2851 1316 δι
2873 1255 2942 1313 ad
2971 1255 3221 1334 ipsorum

567 1336 722 1415 lippe
758 1338 835 1393 ait
850 1377 871 1408 ,
1931 1332 2080 1392 sedes
2096 1333 2347 1412 proxime
2363 1336 2630 1394 accedunt
2645 1377 2664 1405 ‚
2706 1335 2859 1391 Deos
2881 1334 3218 1391 commercia

640 1416 857 1470 Lumine
869 1411 946 1488 fic
973 1412 1188 1472 tremulo
1209 1427 1381 1484 terra,
1420 1429 1638 1475 &cava
1650 1410 1852 1469 lumina
1931 1409 2128 1468 habere
2147 1413 2577 1481 ,existimaturum
2614 1415 2837 1471 Laetam
2851 1426 3040 1467 autem
3058 1428 3216 1469 nvem

596 1524 603 1529 -
721 1491 958 1547 candent.
1929 1486 2069 1544 dixit
2097 1490 2466 1565 metonymiae
2496 1505 2585 1545 tro
2625 1508 2660 1544 o
2687 1486 2755 1544 ab
2787 1483 2986 1544 cfftstu
3003 1528 3023 1556 ‚
3065 1484 3220 1563 quod

563 1568 637 1625 Et
660 1567 720 1624 in
736 1566 1078 1637 Telamone,
1931 1563 2240 1622 Romulum
2269 1564 2477 1625 lactum
2501 1583 2560 1622 rc
2601 1563 2802 1623 debant
2820 1604 2842 1634 ,
2930 1564 2988 1619 ui
3016 1562 3084 1620 ab
3112 1563 3223 1621 iuis

639 1651 815 1719 Atque
840 1644 932 1701 hec
959 1645 1128 1701 lumen
1140 1642 1415 1701 candidum
1432 1640 1588 1699 ctam
1617 1640 1772 1700 mihi.
1930 1640 2217 1774 augustum
2235 1642 2408 1699 Urbis
2421 1638 2722 1720 auspicium
2738 1582 3074 1715 expegabat.
3088 1639 3223 1712 Vel,

558 1721 737 1779 Vetus
758 1718 926 1776 Poeta
950 1761 970 1790 ,
1972 1736 2003 1772 u
2047 1716 2081 1774 d
2097 1720 2278 1775 avium
2304 1716 2509 1776 laetitia
2523 1716 2754 1775 Romuli
2782 1715 3047 1773 laetitiam
3063 1734 3215 1794 prae·

635 1796 731 1851 Sed
761 1795 877 1867 jam
920 1797 982 1850 de
1021 1794 1150 1851 caelo
1187 1796 1365 1854 cadens
1392 1800 1603 1857 Aurora
1647 1793 1850 1868 obstinet
1928 1734 2193 1870 Egnabat:
2235 1793 2370 1852 ficut
2395 1791 2493 1851 illa
2524 1811 2832 1874 cygnorum
2862 1791 3007 1870 apud
3033 1797 3216 1851 Maro-

703 1874 862 1946 suum
881 1884 1102 1946 patrem.
1927 1888 2056 1926 nem
2086 1869 2127 1927 l.
2161 1889 2212 1926 1.
2241 1874 2380 1928 Aen.
2424 1871 2664 1927 futuram
2692 1873 3065 1944 Trojanorum
3105 1869 3214 1927 ala·

560 1944 720 2005 Idem
748 1944 922 2017 alius,
1927 1947 2194 2004 critatem.
2271 1949 2373 2003 Eas
2410 1963 2595 2005 autem
2619 1964 2749 2004 aves
2777 1945 3022 2002 vultures
3050 1942 3205 2002 fuiffe

637 2031 739 2079 Ore
769 2021 909 2079 b‘eato
939 2022 1132 2080 lamiae
1160 2022 1384 2080 volitans
1400 2061 1415 2085 ‚
1434 2023 1524 2098 qui
1544 2020 1845 2097 pertulum
1925 2019 2051 2080 satis
2075 2022 2419 2101 perspicuum
2446 2022 2554 2080 est:
2597 2040 2838 2098 quorum
2856 2020 2921 2078 as
2947 2019 3092 2078 estus
3107 2039 3205 2079 cur

710 2101 955 2157 candidus
985 2104 1196 2176 equitas.
1921 2098 1984 2154 in
2033 2101 2193 2157 rebus
2241 2097 2494 2178 gerendis
2535 2096 2877 2157 feliciffimus
2956 2096 3214 2168 abeatur,

557 2175 828 2235 Pacuvius
860 2174 1110 2253 Chryse,
1921 2175 2191 2234 rationem
2207 2175 2387 2234 reddit
2400 2174 2725 2233 Plutarchus
2741 2176 2800 2231 in
2829 2172 3213 2239 Problematis.

633 2254 850 2330 Solisque
867 2268 1043 2311 exortu
1070 2249 1251 2329 capeffit
1281 2250 1733 2326 candorem,0ccafic
1762 2253 1840 2308 m'-
1999 2255 2565 2313 Aunmss‘nxoarrun
2594 2251 2733 2328 sot]
2777 2248 3063 2327 Euripides
3078 2275 3211 2327 χρυ-

702 2345 835 2405 gret.
1923 2329 2141 2398 σοφαυῆς
2177 2327 2336 2396 ἥλιος.
2375 2329 2646 2407 Virgilius
2675 2326 2871 2386 eodem
2899 2326 3155 2406 epitheto
3168 2328 3210 2385 l.

554 2408 706 2465 Hinc
735 2408 1021 2466 Lucretius
1044 2406 1281 2464 candens
1324 2405 1450 2463 solis
1480 2404 1670 2464 lumen
1701 2404 1841 2463 dixit
1927 2425 1978 2464 1.
1996 2411 2046 2465 δι
2065 2408 2306 2480 4.Geor.

553 2481 596 2540 1.
615 2495 669 2540 6.
714 2486 766 2540 &
784 2482 1024 2541 Ovidius
1057 2482 1341 2540 candidam
1377 2479 1560 2539 lucem
1586 2481 1839 2539 l.1.Fast.
1997 2493 2091 2539 Per
2106 2484 2331 2540 duodena
2357 2484 2482 2559 regit
2507 2480 2786 2541 mundisol
2813 2499 2995 2538 aureus
3009 2479 3169 2553 astra.

634 2563 829 2617 LAETA
860 2579 1110 2617 votavit
1144 2563 1311 2634 avrs]
1346 2557 1666 2634 Antequam
1683 2575 1837 2620 accu·
1919 2560 2110 2631 Idem,

550 2633 665 2695 rate
699 2635 861 2713 hujus
891 2635 1001 2693 loci
1041 2635 1361 2693 sententiam
1403 2633 1837 2711 perpenderem,
1997 2637 2144 2712 ⁸(Qod
2157 2638 2412 2712 superest,
2455 2635 2539 2692 ubi
2550 2634 2997 2712 putsaemhyemem
3015 2634 3207 2694 solua·

551 2730 697 2772 ratus
726 2715 878 2785 sum,
917 2710 1009 2770 hic
1041 2732 1139 2790 per
1166 2731 1322 2770 avem
1362 2713 1628 2768 Auroram
1671 2711 1834 2769 iutel-
2067 2731 2178 2769 reus
2200 2716 2316 2788 egit.

555 2788 601 2848 li
641 2792 660 2846 i
692 2811 707 2846 t
765 2809 995 2866 eamque
1021 2787 1244 2866 poetam
1269 2786 1518 2846 nostrum
1548 2785 1620 2844 fic
1647 2788 1833 2864 appel·
1975 2792 2119 2848 ,Tra
2161 2790 2477 2865 eruort]
2522 2791 2760 2867 Apparet
2787 2807 2855 2845 ex
2886 2785 3010 2858 his,
3053 2807 3206 2847 vete·

549 2810 675 2923 lafi'e
692 2867 782 2924 vel
811 2867 884 2923 ob
901 2866 1106 2922 alatum
1130 2863 1426 2942 Pegasum,
1468 2865 1501 2919 a
1530 2881 1645 2943 quo
1662 2863 1832 2940 ipsam
1916 2884 1999 2922 res
2025 2885 2382 2942 numerorum
2422 2868 2692 2924 rationem
2731 2866 2793 2921 in
2822 2867 3067 2943 auguriis
3105 2865 3201 2923 ha-

551 2940 692 2998 trahi
723 2943 756 2998 ἐι
789 2939 1190 3017 Lycophrone,
1240 2939 1471 3014 aliisque
1512 2939 1688 3014 poetis
1728 2956 1832 2996 tra·
1914 2941 2098 3000 builse.
2140 2943 2405 3019 Qorum
2422 2940 2782 3000 duodenarius
2808 2940 2869 2998 in
2893 2960 3093 3019 magna
3109 2962 3206 3000 ex-

550 3016 731 3074 ditum
761 3017 868 3083 est;
911 3015 1001 3073 vel
1026 3018 1155 3091 quia
1184 3017 1235 3074 ei
1268 3031 1479 3093 pennae
1496 3015 1832 3087 tribuuntur,
1916 3018 2246 3078 istimatione
2275 3016 2427 3076 fuiffe
2456 3020 2673 3076 videtur
2700 3057 2721 3088 ,
2775 3014 2905 3076 cum
2944 3037 3011 3075 ex
3053 3018 3202 3091 hoc,

552 3110 615 3151 ut
638 3093 782 3172 apud
798 3092 1087 3151 Catullum
1103 3133 1123 3162 ‚
1914 3092 2034 3153 tum
2062 3115 2129 3152 ex
2163 3094 2262 3151 illo
2291 3093 2686 3168 Maronis-„loco
2715 3093 2757 3150 l.
2779 3112 2828 3152 1.
2849 3098 2985 3151 Aen.

918 3170 1202 3225 Memnonis
1215 3166 1460 3242 Ethiopis
1988 3181 2043 3226 A
2093 3174 2160 3227 ice
2184 3170 2258 3227 bis
2271 3171 2408 3241 senos
2434 3171 2678 3228 laetantes
2707 3172 2900 3244 agmine
2924 3189 3118 3244 cygnos.

627 3248 844 3322 Umjgena
873 3247 1144 3319 impellente
1169 3244 1461 3301 natantibus
1486 3246 1608 3302 abira
1632 3247 1829 3320 pennis.
1907 3246 2043 3303 Duo
2082 3249 2223 3305 ecim
2263 3244 2397 3306 vero
2445 3248 2699 3305 vultures
2742 3246 2989 3303 Romulo
3025 3264 3192 3326 appa·

550 3326 690 3382 Mox
724 3321 855 3379 vero
882 3341 1009 3379 cum
1041 3340 1155 3379 rem
1183 3319 1503 3398 diligentius
1536 3318 1827 3378 examinas·
1906 3321 2065 3381 ruiffe
2084 3361 2103 3390 ,
2141 3343 2336 3381 omnes
2363 3341 2543 3382 rerum
2563 3328 2727 3382 Rom.
2752 3320 3039 3400 scriptores
3057 3343 3193 3382 con·

552 3400 699 3469 sem,
738 3398 897 3456 aliter
924 3395 1089 3467 senfi,
1132 3396 1337 3456 scilicet
1363 3398 1423 3453 in
1449 3397 1565 3474 ipso
1591 3395 1721 3454 solis
1738 3417 1827 3454 or·
1908 3397 2168 3458 sentiunt.
2211 3400 2442 3477 Qibus
2458 3399 2577 3457 vifis
2596 3400 3061 3458 Romulusanimo
3077 3419 3197 3458 ere·

552 3492 611 3531 tu
642 3518 663 3545 ‚
717 3474 848 3531 dum
895 3473 1169 3531 Romulus
1221 3472 1454 3531 servaret
1498 3474 1826 3606 aufiurium,
1907 3474 2061 3546 stus,
2104 3479 2385 3534 Romanos
2411 3474 2704 3535 bellicosos
2724 3475 2970 3549 futuros,
3010 3477 3194 3535 existi·

552 3550 746 3610 multas
782 3548 942 3607 fimul
982 3568 1105 3607 aves
1130 3548 1160 3608 ὲ
1190 3548 1503 3628 longinquo
1546 3551 1564 3605 i
1612 3550 1628 3605 i
1667 3567 1825 3625 appa·
1905 3552 2116 3618 mabat3
2157 3551 2309 3628 quod
2337 3551 2480 3611 illud
2499 3554 2682 3610 avium
2746 3571 2881 3610 enus
2912 3571 3074 3630 rapax
3092 3550 3156 3612 fit
3174 3592 3205 3626 ,-

553 3624 743 3696 misse,
786 3645 1017 3702 quarum
1044 3646 1334 3684 numerum
1368 3645 1492 3683 cum
1521 3626 1563 3681 is
1592 3623 1823 3704 minime
1906 3627 2317 3704 admodumque
2345 3631 2555 3686 cruoris
2583 3571 2863 3706 cupifium.
2899 3630 3059 3687 'idem
3101 3648 3196 3688 au·

553 3703 887 3781 distinguere
919 3698 1172 3780 potuiss‘et
1190 3746 1207 3774 ‚
1245 3701 1409 3781 poeta
1436 3721 1630 3760 omnes
1656 3726 1824 3758 ο-ωωι·
1907 3706 2128 3782 §urium
2169 3704 2354 3763 scribit
2385 3706 2536 3763 Dion
2567 3705 2608 3763 l.
2636 3716 2731 3778 46.
2764 3707 3010 3782 Augusto
3038 3705 3195 3765 obla·

548 3780 780 3853 δοχικὸς
820 3797 976 3837 avem
1024 3777 1181 3836 dixit.
1263 3779 1397 3853 Qua
1452 3779 1613 3836 ctiam
1655 3774 1830 3857 figura
1909 3798 2049 3842 tum.
2091 3782 2216 3859 Qi
2250 3780 2378 3840 cum
2407 3783 2580 3859 prima
2609 3783 2697 3840 die
2728 3783 3104 3840 comitiorum
3131 3785 3192 3840 in

551 3855 739 3934 paullo
762 3854 1037 3932 superius,
1906 3858 2046 3915 Cam
2089 3877 2184 3915 um
2203 3859 2461 3916 Martium
2491 3856 2794 3937 progressus
2823 3858 2911 3914 sex
2943 3857 3194 3917 vultures

626 3937 759 3989 Hinc
773 3942 953 3989 Remm
970 3932 1177 4010 auspicio
1177 3935 1234 4007 se
1248 3932 1641 4008 ἀναπέμψαι
1649 3932 1824 4009 [ιαιη-
1909 3935 2038 3993 vidit
2064 3951 2151 4005 et,
2191 3953 2252 3992 ac
2275 3978 2290 4001 ,
2309 3934 2442 3992 dum
2477 3936 2681 3993 milites
2711 3933 3091 4008 alloqueretur
3107 3978 3124 4006 ,
3143 3955 3197 3993 a·

699 4010 824 4066 dam
1909 4008 2018 4068 lios
2061 4010 2355 4069 duodecim
2382 4053 2402 4082 ,
2452 4013 2506 4068 i·d
2535 4012 2600 4069 ad
2630 4010 2858 4067 Romuli
2896 4013 3196 4104 augurium

628 4085 763 4142 Solus
782 4086 1131 4162 avemservas
1910 4087 2152 4148 referens
2180 4107 2413 4167 regnum
2439 4086 2585 4147 idem
2615 4084 3017 4165 fibiportcndt,
3047 4105 3202 4147 ratus

3097 4164 3196 4223 est.
