3470 4568
1070 244 1369 327 ExI.

332 441 374 488 *
428 436 571 520 Ilia
611 432 744 518 dia
780 457 1020 546 nepos
1047 502 1067 533 ‚
1091 462 1282 546 quas
1318 377 1671 523 effimnas
1712 436 2048 523 retulisti.

346 616 385 662 ¹*
416 664 501 679 --
524 667 559 683 -
612 617 884 718 Hujus
923 614 1124 697 Nate
1159 558 1506 728 auspiciis
1541 613 1662 699 illa
1700 615 1980 702 incluta
2018 618 2292 702 Roma.

305 916 391 993 Est
418 916 552 975 locus
565 959 589 989 ,
608 914 877 976 Inachiam
903 915 1143 975 dixerunt
1169 924 1396 979 Taenara
1416 939 1533 999 gen·

389 1011 481 1051 tes.

307 1071 437 1129 Itu
479 1090 587 1130 nm
629 1074 854 1147 utros]
910 1071 1060 1129 Haec
1098 1072 1260 1130 verba
1296 1071 1533 1166 suspicor

230 1148 503 1208 Anchisae
535 1146 644 1206 effe
670 1147 847 1205 adhuc
881 1149 1116 1205 Romani
1144 1150 1363 1228 imperii
1379 1170 1530 1209 mcu-

228 1224 425 1284 nabula
441 1226 797 1284 vaticinantis
813 1265 834 1295 ,
914 1224 1068 1283 uibus
1092 1226 1323 1306 abrupto
1352 1246 1529 1286 narra·

230 1305 400 1361 tionis
441 1301 603 1361 cursu
624 1344 647 1373 ,
672 1301 883 1358 commi
909 1303 1162 1360 erationis
1207 1302 1392 1362 locum
1419 1323 1529 1362 am·

237 1378 442 1457 plificat
467 1399 569 1457 per
589 1375 1013 1436 conversionem
1038 1379 1104 1437 ad
1129 1379 1287 1437 iliam
1303 1423 1325 1453 ,
1365 1400 1529 1458 quam

245 1474 504 1533 nepotem
529 1454 832 1535 appellavit
848 1473 867 1522 3
903 1457 1197 1531 quoniam,
1238 1473 1298 1514 ut
1328 1477 1396 1515 ex
1426 1459 1531 1515 En-

246 1533 328 1590 nii
354 1535 613 1610 opinione
644 1532 817 1590 refert
846 1532 1063 1590 Servius
1090 1532 1131 1590 1.
1161 1542 1217 1589 6.
1248 1537 1387 1603 Aen.
1430 1534 1532 1592 Ilia

237 1612 451 1668 Aeneae
482 1609 600 1667 filia
630 1610 757 1667 ruit.
803 1610 922 1666 Nec
950 1610 1086 1666 mihi
1115 1610 1529 1686 IerupulumIn·

231 1684 353 1765 jicit
380 1687 656 1757 verbum,
712 1684 949 1758 retulisti,
1002 1684 1152 1762 quod
1189 1686 1423 1746 refertur
1460 1688 1529 1747 ad

226 1766 593 1842 praeteritum
620 1778 856 1840 tempus.
900 1764 1047 1820 Nam
1072 1761 1264 1821 divino
1300 1762 1531 1824 numine

228 1839 426 1899 afflatis
446 1884 468 1912 ,
493 1859 637 1917 quae
665 1840 843 1897 futura
874 1835 996 1895 sunt
1013 1881 1031 1910 ,
1047 1858 1157 1916 jam
1181 1838 1412 1899 evenisse
1454 1844 1530 1899 vi·

230 1917 469 1976 dentur:
513 1934 576 1973 ut
602 1916 802 1973 mirum
820 1934 938 1971 non
966 1913 1029 1971 fit
1044 1915 1264 1992 ,siquae
1280 1917 1529 1977 nondum

236 1994 384 2086 maa
408 1995 540 2052 sunt
550 2034 574 2064 ,
610 1994 883 2051 interdum
912 2009 972 2049 ut
987 1995 1272 2070 praeterita
1285 2013 1529 2072 pronun·

240 2087 428 2131 cient.

329 2149 513 2227 Quis
559 2152 854 2224 tunnulis]
894 2146 1145 2206 Tradunt
1172 2147 1341 2227 aliqui
1372 2148 1532 2208 Iliam

247 2224 407 2304 juxta
434 2225 708 2303 antiquam
736 2224 1033 2283 Vestalium
1055 2224 1106 2283 le
1146 2246 1236 2284 em
1262 2226 1335 2284 ob
1367 2227 1531 2284 viola·

239 2322 357 2362 mm
431 2304 709 2361 udicitiam
736 2302 801 2361 ad
825 2322 1022 2361 necem
1048 2246 1217 2380 usgue
1236 2305 1402 2384 virgis
1418 2324 1533 2363 cae-

233 2384 351 2441 sam
447 2376 538 2439 ilse
554 2381 676 2438 :alii
704 2381 761 2437 in
776 2397 1051 2437 carcerem
1067 2378 1354 2438 detrusam.
1366 2381 1534 2441 Po'e'ta

234 2457 370 2517 vero
401 2457 591 2516 noster
607 2500 630 2529 ,
682 2474 743 2513 ut
770 2454 1032 2514 admonet
1070 2458 1380 2535 porphyrio
1409 2457 1448 2515 l.
1483 2478 1533 2516 1.

234 2537 370 2594 Car.
402 2535 527 2593 Od.
547 2556 601 2591 ι..
655 2533 836 2591 voluit
873 2552 993 2591 eam
1025 2532 1082 2591 in
1117 2552 1338 2592 amnem
1364 2535 1528 2593 ‘sibe-

232 2614 344 2671 rim
376 2610 517 2688 juffu
547 2609 755 2669 Amulii
796 2607 948 2667 fuiffe
980 2610 1295 2688 projectam.
1349 2612 1527 2691 Qod

234 2690 469 2768 quidem
503 2689 741 2747 minime
764 2706 956 2744 verum
984 2686 1087 2745 effe
1116 2686 1325 2764 poffct,
1368 2687 1438 2759 fi,
1467 2705 1529 2745 ιιι

235 2787 310 2826 ex
339 2766 538 2824 eodem
570 2766 755 2822 Ennio
783 2766 949 2821 refert
977 2763 1195 2821 Servius
1230 2766 1272 2821 l.
1305 2774 1361 2821 6.
1393 2768 1533 2822 Aen.

241 2846 454 2902 Aeneae
477 2839 591 2899 filia
618 2839 817 2898 luiffet.
861 2840 1217 2919 Quapropter
1234 2839 1269 2897 fi
1287 2839 1530 2919 Porphy-

240 2921 414 2979 rionis
429 2920 761 2998 opinionem
794 2921 1079 2995 lequamur
1091 2960 1112 2990 ,
1133 2915 1391 2975 Anchises
1408 2936 1531 2976 eam

236 3018 313 3055 ne
376 3017 466 3055 em
494 2993 831 3073 appellavit,
869 3014 985 3070 non
1013 3012 1073 3051 ut
1099 2998 1312 3053 Aeneae
1330 2993 1529 3068 filiam,

234 3074 272 3133 s
354 3092 625 3150 tanquam
654 3093 723 3130 ex
751 3072 849 3129 suo
902 3090 1065 3129 encre
1080 3071 1387 3129 oriundam.
1409 3074 1529 3129 Hoc

241 3170 469 3211 carmen
499 3149 534 3208 ὲ
566 3147 841 3226 Sofipatro
897 3186 911 3205 .
934 3168 984 3206 ι.
1026 3152 1079 3207 &
1112 3149 1307 3205 Nonio
1340 3149 1399 3204 in
1434 3157 1532 3204 Ne·

232 3243 322 3306 pos
345 3230 633 3307 integrum
661 3227 935 3296 refertur,
970 3226 1002 3281 a
1034 3224 1191 3283 Festo
1216 3223 1347 3282 verb
1380 3226 1532 3302 prior

242 3303 463 3363 tantum
565 3323 651 3373 rs,
691 3302 725 3359 ἐι
755 3303 979 3361 nemine
1012 3318 1195 3359 tamen
1222 3302 1457 3359 indicata
1472 3322 1530 3359 o·

241 3384 388 3461 peris
414 3384 471 3438 in
501 3380 791 3457 criptione.
874 3380 1051 3457 Qod
1081 3376 1209 3437 cum
1240 3377 1534 3436 heroicum

243 3458 308 3518 fit
347 3459 632 3536 (quamvis
665 3474 693 3512 a
739 3454 812 3514 ud
830 3456 1083 3513 Nonium
1111 3455 1409 3532 depravatis
1430 3454 1534 3531 syl-

238 3535 483 3596 labarum
519 3476 761 3591 modufis
782 3532 1037 3610 legatur)
1079 3537 1132 3591 δι
1147 3532 1214 3589 ad
1232 3531 1529 3589 Annalium

240 3615 513 3691 pertineat
548 3610 776 3681 seriem,
822 3609 914 3667 bic
945 3608 1269 3668 locavimus
1319 3611 1385 3666 1n
1414 3628 1530 3685 quo

242 3689 531 3749 observant
544 3688 941 3758 Grammatici,
980 3688 1014 3743 a
1041 3683 1229 3763 priscis
1258 3698 1396 3762 nepos
1427 3705 1529 3764 pro

241 3770 394 3844 neptis
420 3769 479 3823 in
512 3765 792 3825 feminino
816 3782 1015 3842 genere
1037 3760 1300 3840 usurpari.

313 3847 600 3902 Eum-mas
687 3841 820 3899 Sine
847 3835 1528 3929 diphthongo-scripsimus

242 3920 492 4001 Sofipatri
525 3845 883 3988 augoritate,
923 3920 1020 3992 qui
1048 3916 1088 3974 1.
1123 3935 1172 3973 x.
1201 3917 1421 3993 inquit,
1461 3923 1553 3972 E··

239 4017 481 4056 rumnam
499 4039 520 4069 ,
561 3997 758 4052 Ennius
787 3997 863 4050 ait
888 4007 973 4069 per
990 4015 1015 4049 e
1029 3993 1198 4068 solum
1222 3992 1373 4067 scribi
1385 3992 1525 4068 p0ffl‚

237 4077 370 4153 qubd
397 4089 626 4131 mentem
655 4086 803 4127 eruat
822 4112 842 4141 ,
880 4091 948 4134 φ’
957 4084 1047 4146 per
1078 4089 1112 4125 a
1125 4112 1147 4142 ,
1187 4070 1320 4146 quad
1347 4090 1527 4127 moero·

238 4172 342 4215 rem
369 4153 598 4213 nutriat.
656 4147 782 4207 Fuit
805 4164 996 4210 autem
1028 4145 1120 4207 bic
1149 4147 1287 4208 alter
1318 4147 1528 4212 Ennius

1482 250 2109 349 ANNALI.

2805 276 2898 348 13

2596 437 2748 488 Char.
2766 437 2803 487 1.
2826 451 2867 487 r.

2172 506 2593 569 Festaeffofronte.
2613 506 2660 552 N
2666 509 2805 552 on.N
2809 516 2907 569 epos

2597 600 2765 655 1fid.1.
2794 618 2813 652 ι
2825 619 2867 661 5.

2600 682 2640 715 C·
2668 682 2707 715 1.

1614 917 1844 1000 insignis
1871 919 2308 990 Grammaticus,
2349 918 2446 1010 qui
2479 916 2621 975 duos
2652 914 2722 974 de
2757 915 2904 976 litte-

1613 998 1723 1070 riS,
1765 1001 1819 1055 δι
1848 995 2064 1074 syllabis
2091 994 2264 1054 libros
2290 993 2499 1063 edidit,
2550 994 2796 1068 itemque
2834 992 2905 1053 de

1615 1074 1806 1132 metris
1817 1092 1837 1143 3
1879 1071 2035 1151 cujus
2061 1073 2317 1131 meminit
2341 1071 2638 1130 Suetonius
2673 1070 2741 1126 de
2771 1067 2902 1127 illu·

1614 1149 1811 1209 stribus
1854 1149 2254 1208 Grammaticis.
2306 1145 2521 1206 Verum
2556 1144 2593 1203 st
2620 1146 2685 1204 ab
2713 1148 2867 1223 αἴρειν
2878 1186 2902 1217 ,

1614 1224 1749 1286 haec
1781 1226 1947 1286 dic'tio
1963 1228 2046 1285 ori
2088 1229 2238 1284 inem
2253 1224 2438 1296 ducit,
2479 1242 2540 1281 ut
2557 1224 2719 1281 tradit
2735 1224 2902 1281 Pom-

1613 1304 1773 1381 pejus
1807 1306 1867 1361 in
1897 1310 2016 1361 Aen
2073 1323 2146 1361 as.
2193 1322 2310 1361 non
2355 1301 2586 1360 dubium
2627 1300 2744 1371 est,
2798 1319 2900 1379 per

1614 1398 1677 1438 ae
1720 1381 1878 1439 scribi
1923 1398 2222 1459 oportere:
2278 1379 2433 1458 quod
2476 1378 2765 1436 communi
2805 1376 2902 1437 usu

1613 1476 1898 1537 receptum
1930 1457 2057 1515 fuit.

1686 1537 2066 1609 Tnuusn]
2121 1535 2231 1591 Pro
2270 1530 2429 1602 tulisti
2472 1531 2703 1605 antiquo
2742 1548 2903 1587 more

1609 1611 1991 1681 Graecorum,
2031 1626 2092 1665 ut
2119 1607 2356 1667 diximus
2369 1650 2391 1679 ,
2430 1607 2757 1662 imitatione.
2811 1604 2900 1662 Est

1610 1686 1741 1746 huic
1772 1687 2023 1745 Enniano
2047 1685 2195 1743 dicio
2224 1683 2398 1743 fimile
2426 1681 2570 1740 illud
2594 1678 2826 1740 Caecilii
2842 1682 2904 1738 in

1613 1761 2009 1835 Υποςολιμαίῳ
2028 1804 2049 1835 ,

1685 1848 2010 1898 Aerumnam
2029 1841 2222 1916 pariter
2252 1836 2460 1911 ntulisti
2487 1855 2681 1895 meam.

1611 1915 1863 1974 Catullus
1882 1936 1997 1974 non
2025 1915 2117 1974 res
2142 1918 2224 1973 uit
2238 1914 2480 1992 ejusdem
2494 1913 2773 1992 praeteriti
2791 1910 2902 1972 for·
2947 1926 3027 1988 54

1612 1995 1952 2065 mationem,
1997 1993 2055 2051 in
2139 1992 2334 2064 allam,

1902 2069 2070 2145 rurfias
2096 2072 2317 2128 reditum
2339 2067 2411 2122 ad
2425 2066 2569 2125 vada
2593 2064 2790 2123 tetulit.

1611 2150 1682 2210 Et
1900 2225 1971 2282 ad
1993 2225 2110 2283 Idae
2129 2223 2280 2282 tetuli
2301 2239 2507 2281 nemora
2532 2219 2727 2296 pedem.

1690 2307 1880 2372 HuJus
1898 2321 2053 2362 Nun
2080 2304 2405 2378 Auspxcns]
2446 2297 2751 2357 Romulum
2766 2291 2903 2353 δειε-

1612 2384 1766 2447 ven&
1798 2380 2066 2461 intelligit
2081 2423 2100 2452 ,
2140 2398 2201 2437 ut
2217 2400 2285 2438 ex
2300 2377 2543 2457 Virgilio
2561 2374 2603 2433 l.
2618 2383 2673 2431 6.
2694 2392 2903 2450 cogno·

1612 2456 1758 2516 scere
1786 2460 1956 2529 licet,
2006 2458 2105 2534 qui
2135 2457 2203 2516 de
2236 2454 2435 2516 eodem
2476 2453 2752 2531 loquens,
2802 2449 2902 2507 ubi

1610 2533 1908 2593 Anchisem
1928 2535 2056 2593 facit
2085 2532 2202 2591 filio
2220 2549 2487 2611 nepotum
2515 2528 2707 2587 seriem
2724 2525 2902 2584 osten-

1610 2611 1873 2683 dentem,
1913 2614 1972 2668 &
1999 2629 2137 2687 quae
2180 2626 2443 2668 eventura
2481 2621 2670 2673 erant,
2712 2602 2903 2660 multis

1611 2685 1739 2746 ante
1770 2687 1989 2745 saeculis
2007 2686 2410 2764 praedicentem
2429 2724 2448 2753 ,
2489 2677 2794 2738 transcribit
2817 2681 2903 2736 In·

1582 2782 1667 2822 ‚te
1712 2783 1833 2821 rum
1880 2763 2028 2822 hunc
2056 2760 2270 2818 versum
2300 2779 2368 2817 ex
2393 2759 2614 2828 Ennio,
2664 2755 2799 2832 qui,
2838 2770 2905 2812 ut

1614 2842 1670 2899 vi
1709 2858 1866 2912 etur,
1908 2837 2212 2898 Anchisem
2241 2835 2418 2896 adhuc
2459 2834 2589 2893 facit
2623 2833 2684 2889 in
2713 2830 2912 2889 vatici·

1612 2918 1798 2976 nando
1828 2917 2176 2995 perstantem.

1687 2997 1867 3071 ILLA]
1908 2995 2257 3064 Ε’μφαιῖικός.

1690 3072 1959 3129 luctum
1997 3074 2207 3146 noma]
2249 3066 2483 3127 Extollit
2501 3067 2533 3126 Ξι
2552 3066 2783 3125 maxima
2800 3084 2900 3123 no·

1614 3148 1780 3204 mInis
1808 3146 2119 3205 celebritate
2137 3189 2157 3217 ,
2198 3142 2392 3224 utpote
2420 3162 2561 3220 quae
2576 3142 2713 3200 olim
2733 3144 2924 3214 totius-⁴

1615 3240 1881 3281 terrarum
1897 3226 2046 3282 orbis
2073 3240 2236 3314 caput
2265 3225 2445 3280 futura
2472 3237 2585 3277 erat
2602 3261 2621 3290 ,
2662 3217 2901 3275 summo·

1616 3318 1725 3377 que
1757 3301 1833 3358 im
1875 3302 1990 3358 erio
2028 3316 2282 3378 potitura.
2363 3300 2594 3356 Veteres
2633 3294 2899 3353 inclutam

1613 3397 1717 3454 pro
1741 3378 1830 3435 inc
1856 3395 2003 3454 ytam
2029 3375 2368 3445 scribebant,
2405 3372 2546 3451 apud
2572 3392 2715 3450 quos
2743 3392 2776 3446 y
2792 3415 2813 3444 ,
2841 3377 2898 3432 δι

1614 3473 1686 3524 u,
1723 3454 2053 3513 commercia
2080 3470 2268 3514 mutua
2297 3450 2658 3519 exercebant,
2710 3469 2900 3526 quam·

1613 3531 1699 3588 vis
1727 3530 1894 3589 Velio
1923 3533 2154 3607 antiquo
2182 3526 2305 3587 sani:
2325 3529 2703 3585 Grammatico
2721 3526 2904 3585 videa·

1615 3623 1705 3664 tur
1737 3608 1925 3666 eadem
1958 3604 2060 3665 effe
2088 3606 2231 3686 apud
2260 3623 2398 3674 noS,
2437 3625 2472 3659 u
2500 3603 2679 3661 littera
2696 3646 2717 3675 ‚
2757 3623 2897 3680 quae

1612 3684 1757 3761 apud
1784 3686 2026 3742 Graecos
2059 3704 2124 3750 υς
2179 3701 2303 3740 nam
2347 3679 2500 3757 quod
2542 3681 2626 3737 illi
2668 3685 2896 3752 κύμινον,

1611 3760 1936 3837 κυπάρισσον
1953 3803 1972 3831 ,
1989 3757 2275 3837 κυςερνῆτην
2292 3800 2311 3829 ,
2353 3777 2454 3815 nos
2483 3759 2786 3827 cuminum,
2804 3775 2896 3813 cu·

1610 3836 1883 3913 prelium,
1925 3841 1978 3895 δι
2003 3836 2458 3916 gubernatorem,
2498 3831 2751 3891 dicimus.
2792 3835 2897 3891 Lu·

1611 3915 1812 3972 cretius
1838 3914 1880 3971 l.
1902 3933 1951 3971 1.
2593 3943 2602 3952 ·

1974 3989 2160 4047 inclute
2175 3991 2412 4047 Memmi.

1615 4068 1782 4149 Quae
1812 4088 1924 4125 vox
1953 4067 1985 4126 a
2010 4069 2219 4126 Graeca
2262 4064 2441 4131 κλυτὶς
2483 4062 2749 4121 formatur
2767 4101 2788 4131 ,
2833 4077 2896 4120 ιιι

1610 4145 1792 4214 alterive
1826 4144 2130 4222 Α’χιλλιός.

2223 4217 2268 4275 Β
2299 4234 2330 4293 3
2726 4212 2914 4289 Quos-
