3470 4568
565 221 662 299 24
1378 196 2468 298 QEnurrVrTA

983 343 1112 434 Ego
1144 344 1344 413 Derim
1366 367 1555 433 genus
1586 345 1683 431 effe
1697 348 1926 441 semper
1958 349 2089 413 dixi
2105 399 2125 433 ,
2167 351 2250 424 ξς)
2281 352 2468 414 dicam
2501 349 2771 415 caelitum
2786 401 2806 435 ,

988 430 1107 494 sed
1132 453 1219 496 eos
1242 454 1353 494 non
1383 450 1591 493 curare
1622 445 1815 515 openor
1828 480 1848 514 ,
1890 433 2035 520 quid
2058 449 2195 518 agat
2214 455 2400 521 genus
2421 434 2776 514 bu'manum3

987 513 1159 577 Nam
1172 514 1238 592 st
1261 528 1465 577 curent
1478 562 1497 594 ,
1539 512 1673 575 bene
1698 513 1885 577 boneis
1896 515 1982 591 fit
2000 565 2019 597 ,
2066 518 2214 579 male?
2245 516 2444 580 maleis
2458 569 2475 599 ‚
2521 518 2672 604 quod
2695 538 2848 580 nunc
2879 512 3041 600 abest.

573 593 755 662 Nam
791 597 829 663 fi
866 598 1169 683 integram
1199 596 1572 662 Telamonis
1604 594 2065 680 Tragoediam,
2111 601 2278 665 unde
2303 602 2453 666 haec
2485 601 2732 682 sumpta
2773 601 2947 680 sunt,
2990 600 3052 663 in
3077 618 3230 668 Ama·-

576 681 755 745 n'ibus
791 682 1186 763 haberemuS,
1224 678 1466 745 facilius
1502 681 1874 761 perpendere
1907 681 2346 767 potuissemus,
2377 687 2535 749 ‘haec
2564 686 2748 749 verba
2766 702 2899 749 non
2916 683 2990 747 ab
3007 679 3228 749 Ennio

575 763 878 845 tanquam
910 764 1322 845 perniciosam
1348 763 1554 838 illam,
1601 781 1672 826 ac
1705 772 1956 844 pravam
1988 766 2351 846 opinionem
2372 769 2778 848 approbante,
2821 762 3234 847 prolatafnis-

573 845 798 925 sc3sed
828 845 1246 913 Telamonem
1277 847 1393 910 suo
1423 846 1712 910 arbitratu
1745 847 1862 910 effe
1897 851 2272 929 loquutum,
2314 864 2382 913 ut
2415 868 2567 914 eum
2600 848 2788 913 animi
2821 862 3067 929 motus,
3077 868 3239 929 per-

575 931 1076 1012 turbationesque
1113 931 1532 1012 impellebant.
1615 926 1777 991 Non
1808 930 1974 993 enim
2008 933 2354 1011 putandum
2386 933 2468 995 est
2514 931 2930 1014 Aeschylum,
2973 927 3234 1013 Sopho·

575 1015 778 1090 clem,
817 1010 1215 1096 Euripidem,
1256 1031 1531 1094 quorum
1549 1012 1875 1076 volumina
1893 1012 2161 1077 absurdis
2180 1014 2571 1096 hujusmodi,
2615 1013 3064 1094 teterrimisque
3081 1014 3235 1079 sen-

579 1098 784 1159 tentiis
818 1096 1041 1160 referta
1061 1097 1248 1173 sunt,
1291 1093 1442 1158 cum
1473 1095 1663 1174 hanc,
1723 1098 1824 1157 vel
1865 1095 2038 1159 illam
2068 1097 2397 1174 personam
2429 1099 2489 1160 in
2524 1097 2747 1162 fabulis
2775 1097 3237 1181 introducunt,

581 1181 834 1259 omnia,
882 1198 1040 1259 quae
1075 1178 1150 1242 ab
1184 1178 1303 1241 illis
1335 1176 1660 1255 dicuntur,
1706 1175 1973 1242 ass'etere.
2032 1176 2246 1259 Nam,
2287 1196 2355 1243 ut
2387 1196 2738 1266 congruum
2771 1178 3015 1243 servent
3034 1179 3243 1243 deco-

580 1279 751 1339 rem,
795 1260 1390 1341 variaipersonarum
1422 1277 1644 1343 genera
1670 1260 1852 1324 variis
1885 1259 2152 1325 induunt
2191 1260 2505 1327 affeelibus
2541 1310 2560 1343 ,
2602 1260 2658 1325 ἃ
2694 1260 3031 1346 saepiffime
3063 1263 3237 1328 adeo

494 1354 501 1357 “
582 1341 1030 1422 dissentientes,
1077 1342 1722 1422 contravertentesque
1752 1341 2025 1424 faciunt,
2068 1359 2136 1408 ut
2168 1347 2341 1410 nulla
2371 1362 2535 1409 certa
2570 1363 2790 1408 eorum
2812 1345 3113 1410 sententia
3129 1346 3240 1410 in-

580 1425 660 1488 de
695 1425 832 1488 elici
860 1424 1055 1507 poffit.
1128 1425 1313 1507 Apud
1391 1443 1547 1506 u08,
1592 1424 1631 1486 fi
1650 1471 1668 1505 ,
1706 1439 1779 1488 ut
1811 1425 1876 1487 in
1905 1424 2179 1490 Platonis
2214 1426 2471 1507 dialogis
2495 1475 2513 1508 ,
2552 1425 2614 1489 ’ἃ
2647 1425 2970 1491 Ciceronis
3004 1427 3083 1490 de
3114 1426 3238 1492 Se-

581 1506 832 1573 nectute
871 1523 1037 1574 certa
1071 1507 1214 1573 esset
1247 1527 1542 1589 perona,
1585 1505 1737 1572 ficut
1769 1508 1873 1571 illa
1901 1506 2206 1590 Socratis,
2243 1509 2305 1573 ’δι
2343 1509 2600 1574 Catonis
2634 1557 2652 1589 ,
2694 1529 2852 1593 quas
2880 1511 2937 1573 bi
2971 1511 3238 1575 consul-

582 1591 651 1655 to
687 1611 914 1657 eorum
943 1592 1267 1656 sententias
1301 1592 1678 1671 explicantes
1725 1588 2171 1656 constituerunt
2200 1640 2219 1673 ,
2278 1595 2482 1657 omnis
2520 1592 2827 1657 haefitatio
2860 1591 3095 1659 sublata
3130 1593 3236 1657 es?-

580 1674 690 1739 set.
749 1674 962 1755 Itaque
998 1676 1036 1738 fi
1072 1672 1309 1738 Ennius
1339 1672 1498 1737 serio
1530 1671 1983 1752 providentiam
2015 1679 2263 1738 tolleret
2294 1723 2314 1755 ,
2371 1673 2583 1742 frustra
2617 1676 2678 1737 in
2696 1674 3055 1760 ,graviffimo
3087 1674 3238 1741 An·-

582 1759 824 1819 nalium
857 1776 1044 1838 opere
1074 1754 1442 1820 Romanum
1472 1757 1656 1818 illum
1688 1754 1769 1818 ita
1806 1773 2160 1835 precantem
2191 1757 2511 1823 indux‘isset
2545 1756 2776 1821 Annal.
2804 1778 2858 1822 1.

998 1831 1083 1898 Te
1111 1860 1261 1899 nunc
1281 1835 1491 1918 fimlla
1513 1851 1711 1919 precor
1740 1835 1956 1920 Venus,
2002 1837 2083 1911 ἐρ’
2102 1842 2383 1924 genetrix
2399 1839 2587 1928 patr?
2620 1840 2862 1923 nostres,

992 1917 1081 1982 Ut
1110 1941 1202 1981 me
1227 1919 1296 1981 de
1327 1918 1476 1980 caelo
1510 1918 1661 2000 visas
1692 1933 1930 2002 cognata
1990 1937 2283 2008 arumper.

580 1998 660 2067 Et
690 2004 884 2069 alium
916 2002 1042 2067 sese
1066 2022 1189 2086 ¹pro
1214 2000 1462 2083 Repub.
1483 2001 1902 2067 devoventem
1999 2008 2162 2068 nnal.
2182 2007 2256 2070 6,

1333 2118 1418 2133 -·-
1456 2082 1570 2147 Dii
1598 2081 1699 2144 hoc
1729 2086 1929 2146 audite
1962 2103 2314 2176 parumper,

994 2168 1083 2232 Ut
1101 2186 1212 2256 pro
1241 2168 1497 2233 Romano
1528 2165 1726 2254 populo
1747 2176 2120 2252 pregnariter
2151 2170 2364 2234 armeis

993 2251 1285 2315 certando
1305 2247 1561 2337 prudens
1588 2248 1846 2313 animam
1873 2250 1943 2313 de
1974 2267 2196 2399 corpore
2229 2254 2412 2315 mitto.

577 2335 794 2418 Quam
844 2336 1029 2401 etiam
1075 2356 1117 2400 o
1163 2337 1443 2401 inionem
1492 2334 1557 2397 in
1601 2351 1821 2397 caveae
1856 2336 2067 2399 consel
2095 2356 2134 2398 u
2167 2335 2542 2418 approbavit.
2620 2332 2710 2399 Ita
2745 2335 2913 2400 enim
2943 2338 3008 2401 in
3042 2334 3231 2402 Cres·

445 2430 489 2471 *2
498 2430 535 2492 5
579 2423 809 2502 phonte
842 2420 925 2486 ait
942 2468 962 2503 ,
1096 2357 1227 2482 §bo
1256 2433 1323 2480 tu
1340 2464 1360 2497 ,
1404 2415 1552 2497 Dii,
1594 2415 1799 2502 quibus
1828 2419 1906 2501 est
1923 2417 2168 2505 potestas
2200 2433 2385 2481 motus
2394 2419 2674 2512 Jitperdm
2691 2431 2869 2503 atque
2889 2419 3185 2504 insenius,

991 2500 1215 2565 Pacem
1247 2501 1401 2564 inter
1413 2503 1481 2581 se
1512 2497 1812 2560 conciliant
1828 2548 1848 2581 ,
1892 2500 2191 2578 confirrunt
2217 2499 2589 2563 concor-dmm.
2657 2536 2670 2547 =

576 2585 741 2650 Item
773 2584 834 2648 in
866 2583 1198 2668 Telepho,
1282 2582 1484 2648 Dedm
1512 2580 1581 2642 de
1606 2579 1822 2659 confilio
1851 2580 1951 2645 hoc
1982 2582 2160 2646 itiner
2183 2582 2345 2645 credo
2374 2598 2637 2646 conatum
2670 2579 2846 2647 modii.

571 2666 656 2733 Et
681 2670 743 2736 in
760 2667 997 2736 Medea
1014 2718 1034 2754 ,
1117 2666 1435 2753 Juppiter,
1474 2680 1650 2751 tuque
1681 2662 1816 2725 ade&
1827 2667 2058 2749 summe
2087 2665 2225 2750 Sal,

1072 2750 1196 2838 Qui
1226 2772 1319 2813 res
1341 2754 1561 2812 ‘omneis
1585 2746 1842 2834 inspicis,

1063 2833 1293 2981 fficique
1321 2850 1420 2896 tuo
1451 2829 1669 2893 lumine

1149 2938 1280 2997 are,
1321 2931 1542 2978 terram
1559 2962 1579 2994 ,
1623 2936 1692 2976 ac
1724 2910 1945 2976 caelum

1070 2999 1127 3062 C
1128 2999 1345 3060 ontines
1361 3045 1382 3077 ,
1422 2998 1526 3076 ins
1543 2996 1625 3059 ice
1654 2996 1755 3058 hoc
1766 2997 2036 3081 facinus,

582 3156 584 3160 7
1069 3080 1426 3168 Priusqucim
1497 3093 1561 3139 at
1576 3129 1594 3161 ‚
1626 3079 1859 3166 prohibe
1871 3079 2076 3163 scelus.

566 3165 849 3233 Rursum
870 3167 932 3229 in
960 3163 1305 3229 Annalibus
1339 3161 1527 3245 quam
1562 3165 1893 3245 perspicuis
1920 3164 2118 3228 verbis
2147 3162 2292 3227 nihil
2315 3162 2436 3226 fine
2450 3158 3079 3229 Deorum-voluntate
3099 3166 3218 3234 fie-

574 3252 623 3315 ri
656 3249 926 3333 asseruit,
969 3247 1121 3313 cum
1156 3246 1458 3328 Pyrrhum
1486 3241 1932 3311 Romanorum
1953 3247 2172 3331 legatis
2205 3246 2685 3327 respondentem
2709 3246 2856 3314 facit
2892 3247 3123 3314 Annal.
3143 3271 3213 3333 ς’.

1143 3369 1159 3382 ·
1172 3366 1227 3378 -
1265 3328 1332 3391 do
1372 3351 1444 3390 ue
1473 3327 1781 3391 volentibu’
1814 3351 1935 3391 com
1960 3333 2217 3414 magneis
2247 3327 2414 3395 Deis.

565 3413 651 3480 Et
683 3415 879 3480 alium
914 3413 1147 3479 Annal.
1168 3412 1226 3479 8.
1386 3433 1456 3475 on
1466 3412 1537 3492 se
1635 3435 1698 3476 er
1724 3411 1915 3494 vostra
1946 3413 2206 3492 evortit,
2232 3434 2383 3476 nunc
2405 3412 2688 3500 Juppiter
2717 3410 2981 3495 hdcstat.

566 3498 879 3564 Praeterea
897 3499 960 3560 in
984 3517 1009 3559 1
1027 3517 1079 3560 1.
1170 3493 1334 3560 Malo
1367 3515 1532 3557 cruce
1585 3509 1753 3556 atum
1793 3508 1863 3556 ut
1891 3493 1987 3557 des
2012 3493 2137 3581 Jup
2173 3494 2287 3558 iter
2314 3531 2398 3544 --·

562 3579 715 3647 Nec
747 3581 890 3662 quia
918 3577 1341 3643 Euhemerum
1375 3628 1393 3659 ,
1450 3579 1557 3659 qui
1585 3577 1810 3658 impius
1847 3578 2082 3642 habitus
2139 3578 2229 3642 uit
2257 3626 2275 3659 ,
2325 3597 2467 3642 non
2500 3578 2704 3644 modo
2734 3595 2966 3660 practer
3002 3593 3209 3644 caete-

566 3684 710 3746 rOS,
756 3680 824 3729 ut
853 3665 933 3728 ait
959 3660 1185 3727 Cicero
1219 3665 1320 3725 lib.
1360 3681 1415 3726 1.
1448 3662 1526 3725 de
1557 3659 1711 3726 Nat.
1750 3657 1945 3723 Deor.
1985 3657 2225 3724 Ennius
2259 3659 2341 3724 est
2372 3661 2703 3743 sequutuS,
2749 3663 2850 3726 sed
2884 3662 3074 3726 etiam
3101 3664 3208 3728 in-

564 3762 962 3837 terpretatus,
1004 3747 1086 3809 ob
1115 3745 1175 3809 id
1212 3743 1593 3808 credendum
1626 3743 1709 3807 est
1741 3742 1961 3808 eadem
1994 3744 2318 3824 impietatis
2346 3761 2497 3810 nota
2521 3742 2695 3809 fuiffe
2728 3744 3035 3810 inustum:
3073 3745 3206 3809 'im-

565 3833 683 3896 mo
715 3831 917 3912 potius
937 3829 1388 3909 judicandum,
1430 3824 1894 3906 Euhemerum,
1936 3824 1994 3889 &
2035 3822 2314 3890 Ennium
2351 3827 2632 3904 caeteris,
2685 3828 2793 3908 qui
2824 3826 3200 3907 exgentibus

568 3934 639 3977 ea
667 3911 1016 3992 tempestate
1051 3911 1338 3976 vivebant
1366 3958 1385 3991 ‚
1440 3912 1518 3976 ad
1544 3931 1757 3976 veram
1782 3910 1975 3973 unius
2013 3906 2138 3974 Dei
2170 3909 2594 3995 cognitionem
2625 3911 2817 3995 magis
2853 3908 2911 3972 δε
2943 3909 3200 3988 propius

568 3993 878 4061 acceffiss'e.
938 3992 1116 4059 Nam
1148 3995 1299 4059 dum
1335 3991 1561 4071 Jovem
1591 4042 1610 4072 ,
1670 3993 2070 4076 reliquosque
2104 3990 2280 4082 Deos
2314 4039 2332 4071 ,
2395 4012 2549 4074 quos
2583 3993 2829 4079 credula
2866 3992 3198 4071 antiquitas

560 4096 849 4146 venerata
884 4077 998 4164 est,
1041 4096 1114 4145 ex
1141 4075 1597 4165 generatoribus
1631 4092 1843 4159 ortos,
1891 4074 1949 4143 &
1981 4090 2048 4142 ut
2079 4075 2572 4142 homines-morti
2594 4075 2896 4140 obnoxios
2921 4075 3205 4221 tradunrdg

664 4181 667 4184 ¹
2621 4199 2624 4202 ι
3042 4175 3150 4237 qur
