3470 4568
473 182 769 272 Hess‘e'll
803 197 924 301 pia
962 214 1136 269 cura
1174 195 1365 283 mei,
1428 215 1660 298 quem
1692 187 1994 275 baccare
2029 218 2215 306 pura
2328 177 2339 187 ’
2433 179 2445 217 ²

584 301 1019 386 Lustratum
1056 299 1523 416 Orchqmeni
1559 300 1747 387 lavit
1775 314 1860 387 'in
1892 334 2116 390 amne
2156 303 2450 392 Charis,

470 417 622 499 Cui
660 418 927 496 Venus
962 413 1250 496 exalto
1292 413 1616 498 nascenti
1655 415 2245 535 rifit'Olymp0‚
2413 476 2416 479 -
2465 416 2470 421 ’

579 535 690 609 -Et
724 527 849 610 sua
887 534 1230 610 certatim
1267 525 1469 610 dona
1496 525 1786 612 dedere
1826 536 2059 615 Deae.

479 641 777 725 Floreat
805 694 825 725 ‚
884 664 971 722 ut
1004 637 1322 753 dignum
1358 640 1509 726 est,
1571 640 1893 757 &longa
1931 640 2152 727 laude
2189 639 2479 726 fruatur

599 742 893 837 Hefl'eu
934 760 1177 864 pietas
1219 747 1550 837 officiosa
1597 762 1794 839 mei!

475 864 643 978 Ipse
684 872 927 950 Senex
969 872 1293 969 juvenes
1328 864 1613 949 rursum
1654 864 1916 951 induat
1957 875 2245 952 Ennius
2278 893 2566 967 annos;

595 988 697 1063 Et
736 1005 818 1063 tu
853 977 950 1062 de
991 978 1290 1060 tumulo
1327 975 1603 1095 pla-ude
1626 1044 1646 1075 ‚
1708 980 2090 1064 Columna
2113 1047 2132 1077 ,
2194 981 2374 1075 tuo!

1654 1118 1659 1123 ·
1839 1101 2154 1192 JANUS
2233 1096 2967 1182 BRouKHUSwS.
3049 1154 3056 1161 -
3161 1090 3172 1101 “

505 1571 690 1745 Q.
897 1535 1581 1698 ENNII·
1684 1442 3129 1702 {NR-AGMENTA

1277 1828 1469 1886 cum
1508 1800 2362 1889 Animadversionibus

639 1990 1786 2111 HIERONYMI
1902 1993 3020 2116 COLUMNAE
3151 1996 3162 2061 ⁵

1256 2166 1534 2257 denuo
1572 2163 1662 2247 in
1692 2164 1964 2249 lucem
2003 2162 2392 2275 produfia

1612 2327 1652 2376 a
1699 2300 1796 2375 V.
1848 2301 2008 2378 CL.

883 2428 1830 2521 FRANCISCO
1940 2429 2784 2519 HESSELIO.

647 2633 836 2718 Alve
873 2631 1116 2715 sanste
1149 2658 1412 2746 patet-:-
1446 2638 1693 2715 -vitam
1732 2629 2007 2713 laetata
2039 2652 2413 2713 recentem

504 2644 635 2853 S
756 2751 1117 2829 Gratatur
1152 2744 1403 2856 reduci
1443 2742 1741 2855 postera
1777 2740 1994 2826 turba
2029 2740 2186 2827 tibi.

506 2873 717 2948 ENm
749 2856 993 2942 sanste
1030 2882 1241 2968 pater
1273 2854 1506 2963 salve:
1562 2853 1761 2937 salve
1793 2852 1981 2937 alter
2017 2858 2358 2936 Homere
2380 2917 2401 2948 ,

620 2979 877 3056 Aonio
914 2993 1125 3054 vates
1158 2966 1449 3079 semper
1477 2991 1727 3073 amate
1763 2972 1959 3052 Deo,

509 3089 648 3172 Tu
684 3091 975 3198 primus
1014 3078 1227 3163 Pindi
1267 3109 1352 3167 ca
1443 3106 1576 3163 ens
1612 3076 1709 3162 de
1742 3087 2019 3190 vertice
2050 3075 2304 3160 lautos

623 3195 943 3281 Cinxisti
975 3192 1162 3276 lauri
1196 3191 1362 3274 fron
1419 3220 1460 3275 e
1494 3199 1781 3276 virente
1814 3216 2100 3275 comas,
2177 3233 2182 3238 ·

507 3310 696 3399 Inde
731 3305 1128 3391 vetustatis
1163 3304 1462 3387 uastum
1501 3310 1895 3416 praeconia
1930 3331 2156 3387 canae

624 3419 937 3506 Sustulit
969 3426 1247 3501 auratis
1281 3407 1596 3499 candida
1633 3412 1840 3528 fama
1874 3423 2088 3500 totis,
2161 3495 2164 3496 f

506 3538 692 3625 Inde
729 3558 906 3616 tuos
940 3530 1234 3616 servans
1265 3526 1519 3612 cursus
1558 3535 1788 3611 Maro
1812 3595 1832 3624 ,
1874 3556 2177 3640 quaque
2217 3534 2577 3641 praeires»,

623 3651 749 3732 Te
785 3642 973 3727 duce
1011 3640 1310 3727 divinos
1344 3637 1583 3724 edidit
1619 3668 1752 3723 ote
1782 3642 2032 3727 sonos,

516 3761 666 3849 Sed
702 3785 779 3843 te
814 3781 1117 3867 tempus
1153 3752 1344 3838 edax
1380 3751 1630 3836 morsu
1668 3751 2047 3864 discetpfit
2082 3761 2345 3865 iniquo
2369 3819 2389 3850 ,

632 3866 989 3984 Disperfit
1025 3875 1248 3955 variis
1284 3869 1359 3951 &
1387 3890 1518 3951 tua
1552 3866 1888 3986 membra
1920 3865 2132 3950 Iocis.
2943 3976 3018 4058 V
3056 3973 3102 4057 d

3032 4008 3048 4057 ι
3112 4000 3176 4059 nt
