<?xml version="1.0" encoding="UTF-8"?>
<!DOCTYPE html PUBLIC "-//W3C//DTD XHTML 1.0 Transitional//EN"
    "http://www.w3.org/TR/xhtml1/DTD/xhtml1-transitional.dtd">
<html xmlns="http://www.w3.org/1999/xhtml" xml:lang="en" lang="en">
 <head>
  <title>
</title>
<meta http-equiv="Content-Type" content="text/html;charset=utf-8" />
  <meta name='ocr-system' content='tesseract 3.04.00' />
  <meta name='ocr-capabilities' content='ocr_page ocr_carea ocr_par ocr_line ocrx_word'/>
</head>
<body>
  <div class='ocr_page' id='page_1' title='image "./qenniipoetaevet00vossgoog_0374.png"; bbox 0 0 3470 4568; ppageno 0'>
   <div class='ocr_carea' id='block_1_1' title="bbox 615 216 1827 396">
    <p class='ocr_par' dir='ltr' id='par_1_1' title="bbox 615 216 1827 396">
     <span class='ocr_line' id='line_1_1' title="bbox 615 216 781 305; baseline 0.024 -4"><span class='ocrx_word' id='word_1_1' title='bbox 615 216 781 305; x_wconf 77' lang='lat'>304</span> 
     </span>
     <span class='ocr_line' id='line_1_2' title="bbox 1717 341 1827 396; baseline 0 0"><span class='ocrx_word' id='word_1_2' title='bbox 1717 341 1827 396; x_wconf 65' lang='grc' dir='ltr'>ἵῦέ)</span> 
     </span>
    </p>
   </div>
   <div class='ocr_carea' id='block_1_2' title="bbox 1050 190 2819 306">
    <p class='ocr_par' dir='ltr' id='par_1_2' title="bbox 1050 190 2819 306">
     <span class='ocr_line' id='line_1_3' title="bbox 1050 190 2819 306; baseline -0.001 -27"><span class='ocrx_word' id='word_1_3' title='bbox 1050 200 1171 306; x_wconf 76' lang='lat' dir='ltr'>Q</span> <span class='ocrx_word' id='word_1_4' title='bbox 1272 190 2819 278; x_wconf 54' lang='lat' dir='ltr'>ENN³11FRAGMEN1A</span> 
     </span>
    </p>
   </div>
   <div class='ocr_carea' id='block_1_3' title="bbox 721 404 3233 521">
    <p class='ocr_par' dir='ltr' id='par_1_3' title="bbox 721 404 3233 521">
     <span class='ocr_line' id='line_1_4' title="bbox 721 404 3233 521; baseline -0.004 -25"><span class='ocrx_word' id='word_1_5' title='bbox 721 413 939 519; x_wconf 80' lang='lat' dir='ltr'>Qoi</span> <span class='ocrx_word' id='word_1_6' title='bbox 961 409 1173 521; x_wconf 90' lang='lat' dir='ltr'>quod</span> <span class='ocrx_word' id='word_1_7' title='bbox 1195 419 1274 494; x_wconf 88' lang='lat' dir='ltr'>in</span> <span class='ocrx_word' id='word_1_8' title='bbox 1292 437 1414 492; x_wconf 90' lang='lat' dir='ltr'>me</span> <span class='ocrx_word' id='word_1_9' title='bbox 1432 405 1544 490; x_wconf 89' lang='lat' dir='ltr'>est</span> <span class='ocrx_word' id='word_1_10' title='bbox 1562 474 1582 504; x_wconf 91' lang='lat'>‚</span> <span class='ocrx_word' id='word_1_11' title='bbox 1603 405 2035 490; x_wconf 86' lang='lat' dir='ltr'>exsecrabor</span> <span class='ocrx_word' id='word_1_12' title='bbox 2051 404 2200 489; x_wconf 89' lang='lat' dir='ltr'>hoc</span> <span class='ocrx_word' id='word_1_13' title='bbox 2221 474 2241 504; x_wconf 91' lang='lat'>‚</span> <span class='ocrx_word' id='word_1_14' title='bbox 2280 428 2313 465; x_wconf 72' lang='lat'>⁸</span> <span class='ocrx_word' id='word_1_15' title='bbox 2331 434 2490 519; x_wconf 90' lang='lat' dir='ltr'>quo</span> <span class='ocrx_word' id='word_1_16' title='bbox 2509 406 2714 492; x_wconf 88' lang='lat' dir='ltr'>lucet</span> <span class='ocrx_word' id='word_1_17' title='bbox 2730 410 2946 517; x_wconf 84' lang='lat' dir='ltr'>quic·</span> <span class='ocrx_word' id='word_1_18' title='bbox 2964 420 3075 473; x_wconf 79' lang='lat' dir='ltr'>Cic·</span> <span class='ocrx_word' id='word_1_19' title='bbox 3097 440 3140 474; x_wconf 87' lang='lat'>2-</span> <span class='ocrx_word' id='word_1_20' title='bbox 3172 425 3233 475; x_wconf 75' lang='lat' dir='ltr'>de</span> 
     </span>
    </p>
   </div>
   <div class='ocr_carea' id='block_1_4' title="bbox 885 524 1246 636">
    <p class='ocr_par' dir='ltr' id='par_1_4' title="bbox 885 524 1246 636">
     <span class='ocr_line' id='line_1_5' title="bbox 885 524 1246 636; baseline 0.003 -29"><span class='ocrx_word' id='word_1_21' title='bbox 885 524 1071 636; x_wconf 89' lang='lat' dir='ltr'>quid</span> <span class='ocrx_word' id='word_1_22' title='bbox 1112 524 1246 608; x_wconf 88' lang='lat' dir='ltr'>est.</span> 
     </span>
    </p>
   </div>
   <div class='ocr_carea' id='block_1_5' title="bbox 639 701 1402 914">
    <p class='ocr_par' dir='ltr' id='par_1_5' title="bbox 639 701 1402 914">
     <span class='ocr_line' id='line_1_6' title="bbox 639 701 1402 787; baseline -0.001 -2"><span class='ocrx_word' id='word_1_23' title='bbox 639 702 644 707; x_wconf 73' lang='grc'><strong>’</strong></span> <span class='ocrx_word' id='word_1_24' title='bbox 726 707 845 787; x_wconf 88' lang='lat' dir='ltr'>Ut</span> <span class='ocrx_word' id='word_1_25' title='bbox 880 701 1060 785; x_wconf 90' lang='lat' dir='ltr'>tibei</span> <span class='ocrx_word' id='word_1_26' title='bbox 1098 702 1402 784; x_wconf 83' lang='lat' dir='ltr'>Titanis</span> 
     </span>
     <span class='ocr_line' id='line_1_7' title="bbox 685 831 1396 914; baseline -0.001 -33"><span class='ocrx_word' id='word_1_27' title='bbox 685 831 881 898; x_wconf 88' lang='lat' dir='ltr'>aquod</span> <span class='ocrx_word' id='word_1_28' title='bbox 955 908 962 914; x_wconf 18' lang='grc' dir='ltr'>ἱ</span> <span class='ocrx_word' id='word_1_29' title='bbox 1391 854 1396 859; x_wconf 90' lang='grc'><em>·</em></span> 
     </span>
    </p>
   </div>
   <div class='ocr_carea' id='block_1_6' title="bbox 528 991 1926 4145">
    <p class='ocr_par' dir='ltr' id='par_1_6' title="bbox 624 991 1911 1519">
     <span class='ocr_line' id='line_1_8' title="bbox 624 991 1907 1077; baseline -0.001 -24"><span class='ocrx_word' id='word_1_30' title='bbox 624 997 807 1054; x_wconf 89' lang='lat' dir='ltr'>monis</span> <span class='ocrx_word' id='word_1_31' title='bbox 836 1039 854 1068; x_wconf 93' lang='lat'><strong>,</strong></span> <span class='ocrx_word' id='word_1_32' title='bbox 905 998 963 1056; x_wconf 89' lang='lat' dir='ltr'>in</span> <span class='ocrx_word' id='word_1_33' title='bbox 994 1017 1109 1075; x_wconf 91' lang='lat' dir='ltr'>quo</span> <span class='ocrx_word' id='word_1_34' title='bbox 1138 998 1465 1077; x_wconf 86' lang='lat' dir='ltr'>rusticorum</span> <span class='ocrx_word' id='word_1_35' title='bbox 1499 996 1722 1056; x_wconf 86' lang='lat' dir='ltr'>Chorus</span> <span class='ocrx_word' id='word_1_36' title='bbox 1748 991 1907 1053; x_wconf 79' lang='lat' dir='ltr'>indu·</span> 
     </span>
     <span class='ocr_line' id='line_1_9' title="bbox 624 1073 1261 1142; baseline -0.002 -12"><span class='ocrx_word' id='word_1_37' title='bbox 624 1074 851 1131; x_wconf 78' lang='lat' dir='ltr'>cebatur</span> <span class='ocrx_word' id='word_1_38' title='bbox 880 1073 1011 1133; x_wconf 86' lang='lat' dir='ltr'>hacc</span> <span class='ocrx_word' id='word_1_39' title='bbox 1040 1076 1261 1142; x_wconf 80' lang='lat' dir='ltr'>dicens;</span> 
     </span>
     <span class='ocr_line' id='line_1_10' title="bbox 694 1145 1718 1229; baseline -0.001 -23"><span class='ocrx_word' id='word_1_40' title='bbox 694 1151 771 1208; x_wconf 76' lang='grc' dir='ltr'>-Οἷ</span> <span class='ocrx_word' id='word_1_41' title='bbox 791 1153 1076 1221; x_wconf 68' lang='grc' dir='ltr'><strong><em>φίλόσ-οφοι</em></strong></span> <span class='ocrx_word' id='word_1_42' title='bbox 1091 1154 1320 1229; x_wconf 53' lang='lat' dir='ltr'>&lt;nuzo-n</span> <span class='ocrx_word' id='word_1_43' title='bbox 1334 1194 1356 1219; x_wconf 90' lang='lat'><em>,</em></span> <span class='ocrx_word' id='word_1_44' title='bbox 1396 1150 1461 1216; x_wconf 66' lang='grc' dir='ltr'>ὥς</span> <span class='ocrx_word' id='word_1_45' title='bbox 1478 1145 1683 1213; x_wconf 65' lang='grc' dir='ltr'><strong><em>ἆκῆκοι</em></strong></span> <span class='ocrx_word' id='word_1_46' title='bbox 1700 1192 1718 1218; x_wconf 86' lang='grc'><em>,</em></span> 
     </span>
     <span class='ocr_line' id='line_1_11' title="bbox 704 1225 1911 1305; baseline -0.003 -20"><span class='ocrx_word' id='word_1_47' title='bbox 704 1231 828 1305; x_wconf 61' lang='lat' dir='ltr'>ssep}</span> <span class='ocrx_word' id='word_1_48' title='bbox 850 1232 997 1283; x_wconf 69' lang='grc' dir='ltr'><strong><em>τοῦτό</em></strong></span> <span class='ocrx_word' id='word_1_49' title='bbox 1019 1233 1064 1283; x_wconf 80' lang='grc' dir='ltr'>τ’</span> <span class='ocrx_word' id='word_1_50' title='bbox 1095 1231 1269 1292; x_wconf 69' lang='grc' dir='ltr'>αὐτοῖς</span> <span class='ocrx_word' id='word_1_51' title='bbox 1304 1234 1468 1292; x_wconf 64' lang='grc' dir='ltr'><strong>πολὺς</strong></span> <span class='ocrx_word' id='word_1_52' title='bbox 1486 1231 1769 1285; x_wconf 56' lang='lat' dir='ltr'>immistae</span> <span class='ocrx_word' id='word_1_53' title='bbox 1785 1225 1911 1303; x_wconf 67' lang='grc' dir='ltr'>χρό-</span> 
     </span>
     <span class='ocr_line' id='line_1_12' title="bbox 861 1330 974 1373; baseline 0.035 -4"><span class='ocrx_word' id='word_1_54' title='bbox 861 1330 936 1369; x_wconf 66' lang='grc' dir='ltr'>’θς</span> <span class='ocrx_word' id='word_1_55' title='bbox 953 1346 974 1373; x_wconf 71' lang='lat'><em>2</em></span> 
     </span>
     <span class='ocr_line' id='line_1_13' title="bbox 703 1374 1792 1455; baseline -0.003 -18"><span class='ocrx_word' id='word_1_56' title='bbox 703 1380 889 1439; x_wconf 69' lang='lat' dir='ltr'>Tc&#39;s&#39;rn</span> <span class='ocrx_word' id='word_1_57' title='bbox 906 1379 1137 1447; x_wconf 66' lang='grc' dir='ltr'>ἀγαθόν.</span> <span class='ocrx_word' id='word_1_58' title='bbox 1177 1379 1267 1437; x_wconf 66' lang='grc' dir='ltr'>καὶ</span> <span class='ocrx_word' id='word_1_59' title='bbox 1284 1379 1401 1437; x_wconf 69' lang='grc' dir='ltr'>οὐδὲ</span> <span class='ocrx_word' id='word_1_60' title='bbox 1420 1374 1492 1444; x_wconf 71' lang='grc' dir='ltr'>εἷς</span> <span class='ocrx_word' id='word_1_61' title='bbox 1509 1377 1682 1455; x_wconf 61' lang='grc' dir='ltr'>εἴρηκέ</span> <span class='ocrx_word' id='word_1_62' title='bbox 1705 1403 1792 1435; x_wconf 70' lang='grc' dir='ltr'>πυ</span> 
     </span>
     <span class='ocr_line' id='line_1_14' title="bbox 710 1455 1098 1519; baseline 0.005 -8"><span class='ocrx_word' id='word_1_63' title='bbox 710 1455 803 1519; x_wconf 77' lang='grc' dir='ltr'>Τίς</span> <span class='ocrx_word' id='word_1_64' title='bbox 831 1456 953 1515; x_wconf 67' lang='lat' dir='ltr'>a’sn.</span> <span class='ocrx_word' id='word_1_65' title='bbox 995 1462 1098 1515; x_wconf 74' lang='lat' dir='ltr'>&amp;c-</span> 
     </span>
    </p>

    <p class='ocr_par' dir='ltr' id='par_1_7' title="bbox 623 1529 1918 1757">
     <span class='ocr_line' id='line_1_15' title="bbox 623 1529 1913 1607; baseline -0.004 -15"><span class='ocrx_word' id='word_1_66' title='bbox 623 1531 806 1592; x_wconf 67' lang='lat' dir='ltr'>‘Unde</span> <span class='ocrx_word' id='word_1_67' title='bbox 833 1533 1063 1593; x_wconf 77' lang='lat' dir='ltr'>arbitror</span> <span class='ocrx_word' id='word_1_68' title='bbox 1093 1536 1334 1593; x_wconf 83' lang='lat' dir='ltr'>Ennium</span> <span class='ocrx_word' id='word_1_69' title='bbox 1381 1529 1746 1607; x_wconf 78' lang='lat' dir='ltr'>Neoptolemi</span> <span class='ocrx_word' id='word_1_70' title='bbox 1779 1534 1913 1588; x_wconf 85' lang='lat' dir='ltr'>Tra·</span> 
     </span>
     <span class='ocr_line' id='line_1_16' title="bbox 675 1608 1914 1679; baseline -0.002 -11"><span class='ocrx_word' id='word_1_71' title='bbox 675 1610 892 1668; x_wconf 84' lang='lat' dir='ltr'>oediam</span> <span class='ocrx_word' id='word_1_72' title='bbox 921 1610 1147 1679; x_wconf 74' lang='lat' dir='ltr'>dedifl‘e3</span> <span class='ocrx_word' id='word_1_73' title='bbox 1205 1629 1370 1679; x_wconf 77' lang='lat' dir='ltr'>quam</span> <span class='ocrx_word' id='word_1_74' title='bbox 1399 1610 1562 1667; x_wconf 82' lang='lat' dir='ltr'>etiam</span> <span class='ocrx_word' id='word_1_75' title='bbox 1590 1610 1786 1666; x_wconf 89' lang='lat' dir='ltr'>Accius</span> <span class='ocrx_word' id='word_1_76' title='bbox 1824 1608 1914 1665; x_wconf 89' lang='lat' dir='ltr'>de·</span> 
     </span>
     <span class='ocr_line' id='line_1_17' title="bbox 678 1686 1918 1757; baseline -0.002 -14"><span class='ocrx_word' id='word_1_77' title='bbox 678 1687 756 1757; x_wconf 91' lang='lat' dir='ltr'>it,</span> <span class='ocrx_word' id='word_1_78' title='bbox 799 1692 850 1744; x_wconf 72' lang='lat'>8&lt;</span> <span class='ocrx_word' id='word_1_79' title='bbox 876 1707 943 1744; x_wconf 85' lang='lat' dir='ltr'>ex</span> <span class='ocrx_word' id='word_1_80' title='bbox 962 1690 1182 1746; x_wconf 89' lang='lat' dir='ltr'>Graecis</span> <span class='ocrx_word' id='word_1_81' title='bbox 1209 1689 1568 1744; x_wconf 84' lang='lat' dir='ltr'>Mnimermus</span> <span class='ocrx_word' id='word_1_82' title='bbox 1586 1726 1603 1752; x_wconf 93' lang='lat'><strong>,</strong></span> <span class='ocrx_word' id='word_1_83' title='bbox 1643 1686 1732 1742; x_wconf 84' lang='lat' dir='ltr'>seu</span> <span class='ocrx_word' id='word_1_84' title='bbox 1754 1686 1918 1741; x_wconf 89' lang='lat' dir='ltr'>Mim-</span> 
     </span>
    </p>

    <p class='ocr_par' dir='ltr' id='par_1_8' title="bbox 635 1761 1915 1840">
     <span class='ocr_line' id='line_1_18' title="bbox 635 1761 1915 1840; baseline -0.004 -19"><span class='ocrx_word' id='word_1_85' title='bbox 635 1782 865 1821; x_wconf 85' lang='lat' dir='ltr'>nermus</span> <span class='ocrx_word' id='word_1_86' title='bbox 886 1764 1283 1840; x_wconf 85' lang='lat' dir='ltr'>Colophonius</span> <span class='ocrx_word' id='word_1_87' title='bbox 1302 1761 1685 1840; x_wconf 85' lang='lat' dir='ltr'>,Theophilus</span> <span class='ocrx_word' id='word_1_88' title='bbox 1705 1803 1723 1831; x_wconf 88' lang='lat'>,</span> <span class='ocrx_word' id='word_1_89' title='bbox 1743 1765 1795 1818; x_wconf 84' lang='lat'>&amp;</span> <span class='ocrx_word' id='word_1_90' title='bbox 1818 1763 1915 1817; x_wconf 90' lang='lat' dir='ltr'>Ni·</span> 
     </span>
    </p>

    <p class='ocr_par' dir='ltr' id='par_1_9' title="bbox 630 1834 1918 1913">
     <span class='ocr_line' id='line_1_19' title="bbox 630 1834 1918 1913; baseline -0.002 -16"><span class='ocrx_word' id='word_1_91' title='bbox 630 1837 934 1899; x_wconf 82' lang='lat' dir='ltr'>comacbus</span> <span class='ocrx_word' id='word_1_92' title='bbox 966 1838 1386 1897; x_wconf 82' lang='lat' dir='ltr'>Alexandrinus.</span> <span class='ocrx_word' id='word_1_93' title='bbox 1465 1840 1529 1893; x_wconf 89' lang='lat' dir='ltr'>ln</span> <span class='ocrx_word' id='word_1_94' title='bbox 1556 1855 1662 1913; x_wconf 86' lang='lat' dir='ltr'>qua</span> <span class='ocrx_word' id='word_1_95' title='bbox 1701 1834 1918 1895; x_wconf 75' lang='lat' dir='ltr'>tortaffe</span> 
     </span>
    </p>

    <p class='ocr_par' dir='ltr' id='par_1_10' title="bbox 634 1914 1918 1992">
     <span class='ocr_line' id='line_1_20' title="bbox 634 1914 1918 1992; baseline -0.002 -19"><span class='ocrx_word' id='word_1_96' title='bbox 634 1914 1005 1990; x_wconf 85' lang='lat' dir='ltr'>Neoptolemi</span> <span class='ocrx_word' id='word_1_97' title='bbox 1032 1917 1218 1976; x_wconf 83' lang='lat' dir='ltr'>caedes</span> <span class='ocrx_word' id='word_1_98' title='bbox 1249 1917 1741 1992; x_wconf 77' lang='lat' dir='ltr'>repraesentabatur</span> <span class='ocrx_word' id='word_1_99' title='bbox 1760 1955 1779 1984; x_wconf 89' lang='lat'>,</span> <span class='ocrx_word' id='word_1_100' title='bbox 1820 1914 1918 1989; x_wconf 86' lang='lat' dir='ltr'>qui</span> 
     </span>
    </p>

    <p class='ocr_par' dir='ltr' id='par_1_11' title="bbox 635 1990 1918 2072">
     <span class='ocr_line' id='line_1_21' title="bbox 635 1990 1918 2072; baseline -0.002 -22"><span class='ocrx_word' id='word_1_101' title='bbox 635 1990 879 2068; x_wconf 80' lang='lat' dir='ltr'>Delphis</span> <span class='ocrx_word' id='word_1_102' title='bbox 906 1993 973 2052; x_wconf 87' lang='lat' dir='ltr'>ad</span> <span class='ocrx_word' id='word_1_103' title='bbox 1008 1994 1285 2072; x_wconf 77' lang='lat' dir='ltr'>Apollinis</span> <span class='ocrx_word' id='word_1_104' title='bbox 1310 2010 1456 2049; x_wconf 85' lang='lat' dir='ltr'>aram</span> <span class='ocrx_word' id='word_1_105' title='bbox 1496 1991 1791 2049; x_wconf 88' lang='lat' dir='ltr'>trucidatus</span> <span class='ocrx_word' id='word_1_106' title='bbox 1823 1991 1918 2048; x_wconf 86' lang='lat' dir='ltr'>est.</span> 
     </span>
    </p>

    <p class='ocr_par' dir='ltr' id='par_1_12' title="bbox 637 2066 1918 2148">
     <span class='ocr_line' id='line_1_22' title="bbox 637 2066 1918 2148; baseline -0.003 -19"><span class='ocrx_word' id='word_1_107' title='bbox 637 2066 891 2146; x_wconf 86' lang='lat' dir='ltr'>Indeque</span> <span class='ocrx_word' id='word_1_108' title='bbox 909 2090 1085 2148; x_wconf 84' lang='lat' dir='ltr'>poena</span> <span class='ocrx_word' id='word_1_109' title='bbox 1113 2072 1333 2128; x_wconf 78' lang='lat' dir='ltr'>talionis</span> <span class='ocrx_word' id='word_1_110' title='bbox 1361 2068 1718 2145; x_wconf 87' lang='lat' dir='ltr'>Neoptolemi</span> <span class='ocrx_word' id='word_1_111' title='bbox 1776 2087 1918 2125; x_wconf 86' lang='lat' dir='ltr'>oena</span> 
     </span>
    </p>

    <p class='ocr_par' dir='ltr' id='par_1_13' title="bbox 640 2143 1918 2215">
     <span class='ocr_line' id='line_1_23' title="bbox 640 2143 1918 2215; baseline -0.004 -11"><span class='ocrx_word' id='word_1_112' title='bbox 640 2146 843 2204; x_wconf 87' lang='lat' dir='ltr'>dicitur</span> <span class='ocrx_word' id='word_1_113' title='bbox 863 2189 880 2215; x_wconf 93' lang='lat'><strong>,</strong></span> <span class='ocrx_word' id='word_1_114' title='bbox 924 2165 985 2205; x_wconf 90' lang='lat' dir='ltr'>ut</span> <span class='ocrx_word' id='word_1_115' title='bbox 1014 2149 1071 2203; x_wconf 90' lang='lat' dir='ltr'>in</span> <span class='ocrx_word' id='word_1_116' title='bbox 1091 2146 1394 2205; x_wconf 79' lang='lat' dir='ltr'>Mess&#39;enicis</span> <span class='ocrx_word' id='word_1_117' title='bbox 1424 2143 1591 2202; x_wconf 88' lang='lat' dir='ltr'>refert</span> <span class='ocrx_word' id='word_1_118' title='bbox 1609 2147 1714 2202; x_wconf 82' lang='lat' dir='ltr'>Pau</span> <span class='ocrx_word' id='word_1_119' title='bbox 1741 2146 1918 2212; x_wconf 76' lang='lat' dir='ltr'>anias5</span> 
     </span>
    </p>

    <p class='ocr_par' dir='ltr' id='par_1_14' title="bbox 627 2220 1921 3138">
     <span class='ocr_line' id='line_1_24' title="bbox 637 2220 1917 2299; baseline 0.002 -21"><span class='ocrx_word' id='word_1_120' title='bbox 637 2240 770 2279; x_wconf 83' lang='lat' dir='ltr'>nam</span> <span class='ocrx_word' id='word_1_121' title='bbox 796 2220 908 2299; x_wconf 91' lang='lat' dir='ltr'>ipse</span> <span class='ocrx_word' id='word_1_122' title='bbox 938 2222 1006 2280; x_wconf 90' lang='lat' dir='ltr'>ad</span> <span class='ocrx_word' id='word_1_123' title='bbox 1040 2226 1236 2280; x_wconf 84' lang='lat' dir='ltr'>Hercei</span> <span class='ocrx_word' id='word_1_124' title='bbox 1278 2225 1426 2298; x_wconf 86' lang='lat' dir='ltr'>Jovis</span> <span class='ocrx_word' id='word_1_125' title='bbox 1466 2240 1612 2280; x_wconf 87' lang='lat' dir='ltr'>aram</span> <span class='ocrx_word' id='word_1_126' title='bbox 1641 2223 1917 2280; x_wconf 84' lang='lat' dir='ltr'>Priamum</span> 
     </span>
     <span class='ocr_line' id='line_1_25' title="bbox 630 2297 1919 2376; baseline 0.004 -23"><span class='ocrx_word' id='word_1_127' title='bbox 630 2297 935 2376; x_wconf 65' lang='lat' dir='ltr'>jugulavit.</span> <span class='ocrx_word' id='word_1_128' title='bbox 1015 2300 1123 2358; x_wconf 87' lang='lat' dir='ltr'>Sed</span> <span class='ocrx_word' id='word_1_129' title='bbox 1154 2300 1293 2359; x_wconf 90' lang='lat' dir='ltr'>illud</span> <span class='ocrx_word' id='word_1_130' title='bbox 1315 2299 1544 2375; x_wconf 80' lang='lat' dir='ltr'>quidem</span> <span class='ocrx_word' id='word_1_131' title='bbox 1572 2319 1685 2357; x_wconf 89' lang='lat' dir='ltr'>non</span> <span class='ocrx_word' id='word_1_132' title='bbox 1712 2302 1919 2376; x_wconf 79' lang='lat' dir='ltr'>absque</span> 
     </span>
     <span class='ocr_line' id='line_1_26' title="bbox 641 2376 1919 2451; baseline 0.001 -20"><span class='ocrx_word' id='word_1_133' title='bbox 641 2376 1003 2431; x_wconf 82' lang='lat' dir='ltr'>admiratione</span> <span class='ocrx_word' id='word_1_134' title='bbox 1044 2376 1503 2451; x_wconf 82' lang='lat' dir='ltr'>praetereundum</span> <span class='ocrx_word' id='word_1_135' title='bbox 1536 2376 1647 2445; x_wconf 85' lang='lat' dir='ltr'>est,</span> <span class='ocrx_word' id='word_1_136' title='bbox 1688 2396 1919 2446; x_wconf 88' lang='lat' dir='ltr'>omnes,</span> 
     </span>
     <span class='ocr_line' id='line_1_27' title="bbox 682 2449 1920 2531; baseline 0.002 -24"><span class='ocrx_word' id='word_1_137' title='bbox 682 2452 737 2507; x_wconf 90' lang='lat' dir='ltr'>ui</span> <span class='ocrx_word' id='word_1_138' title='bbox 754 2449 1106 2522; x_wconf 75' lang='lat' dir='ltr'>Aeacidarum</span> <span class='ocrx_word' id='word_1_139' title='bbox 1131 2455 1465 2531; x_wconf 86' lang='lat' dir='ltr'>cognomine</span> <span class='ocrx_word' id='word_1_140' title='bbox 1480 2452 1920 2528; x_wconf 82' lang='lat' dir='ltr'>appellabantur,</span> 
     </span>
     <span class='ocr_line' id='line_1_28' title="bbox 636 2470 1658 2586; baseline -0.003 0"><span class='ocrx_word' id='word_1_141' title='bbox 636 2470 908 2586; x_wconf 50' lang='lat' dir='ltr'>divinitus</span> <span class='ocrx_word' id='word_1_142' title='bbox 934 2527 1120 2586; x_wconf 64' lang='lat' dir='ltr'>oblata</span> <span class='ocrx_word' id='word_1_143' title='bbox 1148 2528 1310 2585; x_wconf 86' lang='lat' dir='ltr'>caede</span> <span class='ocrx_word' id='word_1_144' title='bbox 1334 2527 1658 2586; x_wconf 78' lang='lat' dir='ltr'>occubuiffe.</span> 
     </span>
     <span class='ocr_line' id='line_1_29' title="bbox 629 2605 1919 2683; baseline -0.001 -18"><span class='ocrx_word' id='word_1_145' title='bbox 629 2635 636 2646; x_wconf 86' lang='lat'><strong>·</strong></span> <span class='ocrx_word' id='word_1_146' title='bbox 717 2609 817 2665; x_wconf 72' lang='lat' dir='ltr'>Ur</span> <span class='ocrx_word' id='word_1_147' title='bbox 861 2625 1020 2666; x_wconf 65' lang='lat' dir='ltr'>nnat</span> <span class='ocrx_word' id='word_1_148' title='bbox 1061 2610 1352 2683; x_wconf 59' lang='lat' dir='ltr'>Trraurs]</span> <span class='ocrx_word' id='word_1_149' title='bbox 1383 2607 1705 2676; x_wconf 80' lang='lat' dir='ltr'>Titanis‚ut</span> <span class='ocrx_word' id='word_1_150' title='bbox 1722 2605 1797 2663; x_wconf 86' lang='lat' dir='ltr'>ait</span> <span class='ocrx_word' id='word_1_151' title='bbox 1817 2608 1919 2664; x_wconf 93' lang='lat' dir='ltr'>Ni-</span> 
     </span>
     <span class='ocr_line' id='line_1_30' title="bbox 631 2683 1921 2758; baseline -0.003 -14"><span class='ocrx_word' id='word_1_152' title='bbox 631 2683 825 2744; x_wconf 80' lang='lat' dir='ltr'>candri</span> <span class='ocrx_word' id='word_1_153' title='bbox 850 2685 1178 2744; x_wconf 89' lang='lat' dir='ltr'>Scholiastcs</span> <span class='ocrx_word' id='word_1_154' title='bbox 1196 2728 1212 2752; x_wconf 88' lang='lat'><strong>‚</strong></span> <span class='ocrx_word' id='word_1_155' title='bbox 1268 2685 1690 2758; x_wconf 76' lang='lat' dir='ltr'>cognominatur</span> <span class='ocrx_word' id='word_1_156' title='bbox 1718 2684 1921 2741; x_wconf 83' lang='lat' dir='ltr'>Diana.</span> 
     </span>
     <span class='ocr_line' id='line_1_31' title="bbox 631 2758 1919 2839; baseline 0 -21"><span class='ocrx_word' id='word_1_157' title='bbox 631 2762 816 2838; x_wconf 69' lang='lat' dir='ltr'>idque</span> <span class='ocrx_word' id='word_1_158' title='bbox 834 2761 1256 2839; x_wconf 75' lang='lat' dir='ltr'>existimo‚quod</span> <span class='ocrx_word' id='word_1_159' title='bbox 1270 2780 1386 2820; x_wconf 88' lang='lat' dir='ltr'>eam</span> <span class='ocrx_word' id='word_1_160' title='bbox 1405 2760 1798 2818; x_wconf 87' lang='lat' dir='ltr'>LatonaTitani</span> <span class='ocrx_word' id='word_1_161' title='bbox 1814 2758 1919 2818; x_wconf 82' lang='lat' dir='ltr'>filia</span> 
     </span>
     <span class='ocr_line' id='line_1_32' title="bbox 627 2835 1921 2970; baseline 0 -76"><span class='ocrx_word' id='word_1_162' title='bbox 627 2841 852 2970; x_wconf 49' lang='lat' dir='ltr'>ssenuit.</span> <span class='ocrx_word' id='word_1_163' title='bbox 904 2840 1150 2917; x_wconf 87' lang='lat' dir='ltr'>Ideoque</span> <span class='ocrx_word' id='word_1_164' title='bbox 1189 2838 1447 2896; x_wconf 87' lang='lat' dir='ltr'>Chrestus</span> <span class='ocrx_word' id='word_1_165' title='bbox 1474 2835 1719 2895; x_wconf 85' lang='lat' dir='ltr'>Manlius</span> <span class='ocrx_word' id='word_1_166' title='bbox 1758 2835 1921 2915; x_wconf 65' lang='lat' dir='ltr'>poeta</span> 
     </span>
     <span class='ocr_line' id='line_1_33' title="bbox 695 2911 1698 2989; baseline 0 -19"><span class='ocrx_word' id='word_1_167' title='bbox 695 2911 766 2970; x_wconf 81' lang='grc' dir='ltr'>ηὲ</span> <span class='ocrx_word' id='word_1_168' title='bbox 796 2915 1038 2971; x_wconf 83' lang='lat' dir='ltr'>vetustus</span> <span class='ocrx_word' id='word_1_169' title='bbox 1063 2918 1122 2971; x_wconf 89' lang='lat' dir='ltr'>in</span> <span class='ocrx_word' id='word_1_170' title='bbox 1151 2913 1360 2989; x_wconf 86' lang='lat' dir='ltr'>bymno</span> <span class='ocrx_word' id='word_1_171' title='bbox 1387 2913 1661 2989; x_wconf 87' lang='lat' dir='ltr'>Apollinis</span> <span class='ocrx_word' id='word_1_172' title='bbox 1678 2939 1698 2982; x_wconf 65' lang='grc' dir='ltr'><strong><em>ς</em></strong></span> 
     </span>
     <span class='ocr_line' id='line_1_34' title="bbox 717 2989 1578 3061; baseline -0.001 -17"><span class='ocrx_word' id='word_1_173' title='bbox 717 2989 841 3044; x_wconf 78' lang='lat' dir='ltr'>Deli</span> <span class='ocrx_word' id='word_1_174' title='bbox 860 2991 1089 3061; x_wconf 79' lang='lat' dir='ltr'>gemellos</span> <span class='ocrx_word' id='word_1_175' title='bbox 1107 3004 1239 3045; x_wconf 78' lang='lat' dir='ltr'>creta</span> <span class='ocrx_word' id='word_1_176' title='bbox 1255 2991 1434 3045; x_wconf 77' lang='lat' dir='ltr'>Titano</span> <span class='ocrx_word' id='word_1_177' title='bbox 1454 2997 1578 3044; x_wconf 80' lang='lat' dir='ltr'>Deos</span> 
     </span>
     <span class='ocr_line' id='line_1_35' title="bbox 717 3064 1704 3138; baseline 0.001 -16"><span class='ocrx_word' id='word_1_178' title='bbox 717 3073 916 3123; x_wconf 70' lang='lat' dir='ltr'>Latona</span> <span class='ocrx_word' id='word_1_179' title='bbox 933 3069 1073 3138; x_wconf 80' lang='lat' dir='ltr'>parit</span> <span class='ocrx_word' id='word_1_180' title='bbox 1106 3064 1228 3136; x_wconf 81' lang='lat' dir='ltr'>casto</span> <span class='ocrx_word' id='word_1_181' title='bbox 1255 3064 1512 3138; x_wconf 83' lang='lat' dir='ltr'>complexu</span> <span class='ocrx_word' id='word_1_182' title='bbox 1526 3065 1704 3134; x_wconf 68' lang='lat' dir='ltr'>Jovis.</span> 
     </span>
    </p>

    <p class='ocr_par' dir='ltr' id='par_1_15' title="bbox 595 3141 1924 3374">
     <span class='ocr_line' id='line_1_36' title="bbox 595 3141 1917 3220; baseline 0 -18"><span class='ocrx_word' id='word_1_183' title='bbox 595 3143 599 3146; x_wconf 16' lang='grc' dir='ltr'><strong>Α</strong></span> <span class='ocrx_word' id='word_1_184' title='bbox 639 3142 734 3203; x_wconf 86' lang='lat' dir='ltr'>Sic</span> <span class='ocrx_word' id='word_1_185' title='bbox 763 3159 915 3220; x_wconf 87' lang='lat' dir='ltr'>putat</span> <span class='ocrx_word' id='word_1_186' title='bbox 931 3141 1075 3220; x_wconf 87' lang='lat' dir='ltr'>apud</span> <span class='ocrx_word' id='word_1_187' title='bbox 1089 3145 1391 3200; x_wconf 87' lang='lat' dir='ltr'>Varronem</span> <span class='ocrx_word' id='word_1_188' title='bbox 1409 3141 1650 3215; x_wconf 80' lang='lat' dir='ltr'>Scaliger</span> <span class='ocrx_word' id='word_1_189' title='bbox 1673 3143 1777 3218; x_wconf 75' lang='lat' dir='ltr'>hos</span> <span class='ocrx_word' id='word_1_190' title='bbox 1796 3163 1917 3202; x_wconf 90' lang='lat' dir='ltr'>ver-</span> 
     </span>
     <span class='ocr_line' id='line_1_37' title="bbox 638 3217 1924 3299; baseline 0.002 -21"><span class='ocrx_word' id='word_1_191' title='bbox 638 3219 728 3278; x_wconf 89' lang='lat' dir='ltr'>sus</span> <span class='ocrx_word' id='word_1_192' title='bbox 761 3217 864 3279; x_wconf 84' lang='lat' dir='ltr'>effe</span> <span class='ocrx_word' id='word_1_193' title='bbox 894 3218 1178 3299; x_wconf 88' lang='lat' dir='ltr'>legendos.</span> <span class='ocrx_word' id='word_1_194' title='bbox 1255 3223 1460 3278; x_wconf 85' lang='lat' dir='ltr'>Ferunt</span> <span class='ocrx_word' id='word_1_195' title='bbox 1489 3219 1584 3276; x_wconf 89' lang='lat' dir='ltr'>alii</span> <span class='ocrx_word' id='word_1_196' title='bbox 1611 3222 1924 3299; x_wconf 84' lang='lat' dir='ltr'>Hyperiona</span> 
     </span>
     <span class='ocr_line' id='line_1_38' title="bbox 642 3297 1922 3374; baseline 0 -19"><span class='ocrx_word' id='word_1_197' title='bbox 642 3316 817 3355; x_wconf 89' lang='lat' dir='ltr'>unum</span> <span class='ocrx_word' id='word_1_198' title='bbox 855 3317 922 3355; x_wconf 88' lang='lat' dir='ltr'>ex</span> <span class='ocrx_word' id='word_1_199' title='bbox 947 3298 1233 3355; x_wconf 83' lang='lat' dir='ltr'>Titanibus</span> <span class='ocrx_word' id='word_1_200' title='bbox 1261 3339 1280 3368; x_wconf 92' lang='lat'>‚</span> <span class='ocrx_word' id='word_1_201' title='bbox 1335 3297 1600 3374; x_wconf 85' lang='lat' dir='ltr'>quoniam</span> <span class='ocrx_word' id='word_1_202' title='bbox 1642 3300 1819 3360; x_wconf 80' lang='lat' dir='ltr'>Solis,</span> <span class='ocrx_word' id='word_1_203' title='bbox 1859 3316 1922 3355; x_wconf 90' lang='lat' dir='ltr'>ac</span> 
     </span>
    </p>

    <p class='ocr_par' dir='ltr' id='par_1_16' title="bbox 528 3371 1926 3680">
     <span class='ocr_line' id='line_1_39' title="bbox 528 3371 1926 3451; baseline -0.001 -19"><span class='ocrx_word' id='word_1_204' title='bbox 528 3371 621 3424; x_wconf 82' lang='lat'>4⁶⁷</span> <span class='ocrx_word' id='word_1_205' title='bbox 644 3377 834 3433; x_wconf 83' lang='lat' dir='ltr'>Lunae</span> <span class='ocrx_word' id='word_1_206' title='bbox 850 3414 869 3445; x_wconf 90' lang='lat'>,</span> <span class='ocrx_word' id='word_1_207' title='bbox 908 3373 1297 3450; x_wconf 87' lang='lat' dir='ltr'>stellarumque</span> <span class='ocrx_word' id='word_1_208' title='bbox 1315 3391 1499 3433; x_wconf 82' lang='lat' dir='ltr'>motus</span> <span class='ocrx_word' id='word_1_209' title='bbox 1522 3375 1729 3451; x_wconf 84' lang='lat' dir='ltr'>primus</span> <span class='ocrx_word' id='word_1_210' title='bbox 1744 3373 1926 3433; x_wconf 89' lang='lat' dir='ltr'>obser·</span> 
     </span>
     <span class='ocr_line' id='line_1_40' title="bbox 627 3447 1919 3528; baseline -0.001 -20"><span class='ocrx_word' id='word_1_211' title='bbox 627 3450 825 3519; x_wconf 57' lang='lat' dir='ltr'>stavit,</span> <span class='ocrx_word' id='word_1_212' title='bbox 863 3449 1129 3510; x_wconf 84' lang='lat' dir='ltr'>astrorum</span> <span class='ocrx_word' id='word_1_213' title='bbox 1169 3469 1376 3528; x_wconf 90' lang='lat' dir='ltr'>patrem</span> <span class='ocrx_word' id='word_1_214' title='bbox 1417 3448 1521 3507; x_wconf 86' lang='lat' dir='ltr'>effe</span> <span class='ocrx_word' id='word_1_215' title='bbox 1547 3447 1774 3508; x_wconf 60' lang='lat' dir='ltr'>dictum.</span> <span class='ocrx_word' id='word_1_216' title='bbox 1851 3453 1919 3507; x_wconf 83' lang='lat' dir='ltr'>Et</span> 
     </span>
     <span class='ocr_line' id='line_1_41' title="bbox 639 3525 1919 3595; baseline -0.002 -10"><span class='ocrx_word' id='word_1_217' title='bbox 639 3527 775 3585; x_wconf 85' lang='lat' dir='ltr'>hinc</span> <span class='ocrx_word' id='word_1_218' title='bbox 803 3525 900 3585; x_wconf 79' lang='lat' dir='ltr'>Sol</span> <span class='ocrx_word' id='word_1_219' title='bbox 932 3528 1133 3595; x_wconf 88' lang='lat' dir='ltr'>Titan,</span> <span class='ocrx_word' id='word_1_220' title='bbox 1176 3533 1226 3585; x_wconf 90' lang='lat'>&amp;</span> <span class='ocrx_word' id='word_1_221' title='bbox 1246 3532 1397 3585; x_wconf 86' lang='lat' dir='ltr'>Luna</span> <span class='ocrx_word' id='word_1_222' title='bbox 1429 3528 1641 3585; x_wconf 88' lang='lat' dir='ltr'>Titanis</span> <span class='ocrx_word' id='word_1_223' title='bbox 1667 3526 1806 3585; x_wconf 69' lang='lat' dir='ltr'>dista</span> <span class='ocrx_word' id='word_1_224' title='bbox 1823 3527 1919 3584; x_wconf 88' lang='lat' dir='ltr'>est.</span> 
     </span>
     <span class='ocr_line' id='line_1_42' title="bbox 717 3600 1920 3680; baseline -0.002 -19"><span class='ocrx_word' id='word_1_225' title='bbox 717 3604 980 3680; x_wconf 65' lang='lat' dir='ltr'>Tatvra]</span> <span class='ocrx_word' id='word_1_226' title='bbox 1043 3609 1123 3664; x_wconf 78' lang='lat' dir='ltr'>M.</span> <span class='ocrx_word' id='word_1_227' title='bbox 1153 3608 1326 3663; x_wconf 88' lang='lat' dir='ltr'>Varro</span> <span class='ocrx_word' id='word_1_228' title='bbox 1365 3603 1430 3660; x_wconf 88' lang='lat' dir='ltr'>ab</span> <span class='ocrx_word' id='word_1_229' title='bbox 1458 3621 1527 3660; x_wconf 91' lang='lat' dir='ltr'>eo</span> <span class='ocrx_word' id='word_1_230' title='bbox 1556 3604 1801 3662; x_wconf 81' lang='lat' dir='ltr'>Triviam</span> <span class='ocrx_word' id='word_1_231' title='bbox 1843 3600 1920 3660; x_wconf 89' lang='lat' dir='ltr'>di·</span> 
     </span>
    </p>

    <p class='ocr_par' dir='ltr' id='par_1_17' title="bbox 623 3678 1920 3758">
     <span class='ocr_line' id='line_1_43' title="bbox 623 3678 1920 3758; baseline 0 -20"><span class='ocrx_word' id='word_1_232' title='bbox 623 3680 781 3738; x_wconf 70' lang='lat' dir='ltr'>-fflm</span> <span class='ocrx_word' id='word_1_233' title='bbox 810 3678 914 3739; x_wconf 80' lang='lat' dir='ltr'>effe</span> <span class='ocrx_word' id='word_1_234' title='bbox 940 3681 1052 3752; x_wconf 82' lang='lat' dir='ltr'>ait,</span> <span class='ocrx_word' id='word_1_235' title='bbox 1091 3678 1243 3758; x_wconf 74' lang='lat' dir='ltr'>quod</span> <span class='ocrx_word' id='word_1_236' title='bbox 1269 3683 1329 3739; x_wconf 88' lang='lat' dir='ltr'>in</span> <span class='ocrx_word' id='word_1_237' title='bbox 1359 3681 1524 3738; x_wconf 88' lang='lat' dir='ltr'>trivio</span> <span class='ocrx_word' id='word_1_238' title='bbox 1551 3681 1777 3757; x_wconf 87' lang='lat' dir='ltr'>ponitur</span> <span class='ocrx_word' id='word_1_239' title='bbox 1805 3678 1920 3738; x_wconf 68' lang='lat' dir='ltr'>feri:</span> 
     </span>
    </p>

    <p class='ocr_par' dir='ltr' id='par_1_18' title="bbox 619 3755 1925 4145">
     <span class='ocr_line' id='line_1_44' title="bbox 621 3755 1920 3836; baseline 0.002 -22"><span class='ocrx_word' id='word_1_240' title='bbox 621 3759 706 3815; x_wconf 84' lang='lat' dir='ltr'>-in</span> <span class='ocrx_word' id='word_1_241' title='bbox 733 3758 947 3836; x_wconf 88' lang='lat' dir='ltr'>oppidis</span> <span class='ocrx_word' id='word_1_242' title='bbox 964 3759 1223 3825; x_wconf 84' lang='lat' dir='ltr'>Graecis;</span> <span class='ocrx_word' id='word_1_243' title='bbox 1264 3755 1355 3816; x_wconf 87' lang='lat' dir='ltr'>vel</span> <span class='ocrx_word' id='word_1_244' title='bbox 1370 3761 1521 3834; x_wconf 89' lang='lat' dir='ltr'>quod</span> <span class='ocrx_word' id='word_1_245' title='bbox 1549 3761 1702 3815; x_wconf 86' lang='lat' dir='ltr'>Luna</span> <span class='ocrx_word' id='word_1_246' title='bbox 1717 3757 1920 3816; x_wconf 87' lang='lat' dir='ltr'>dicitur</span> 
     </span>
     <span class='ocr_line' id='line_1_45' title="bbox 640 3829 1921 3912; baseline 0 -20"><span class='ocrx_word' id='word_1_247' title='bbox 640 3829 779 3904; x_wconf 84' lang='lat' dir='ltr'>effe,</span> <span class='ocrx_word' id='word_1_248' title='bbox 820 3855 959 3912; x_wconf 84' lang='lat' dir='ltr'>quae</span> <span class='ocrx_word' id='word_1_249' title='bbox 1002 3837 1062 3893; x_wconf 89' lang='lat' dir='ltr'>in</span> <span class='ocrx_word' id='word_1_250' title='bbox 1100 3834 1252 3892; x_wconf 88' lang='lat' dir='ltr'>caelo</span> <span class='ocrx_word' id='word_1_251' title='bbox 1284 3834 1455 3891; x_wconf 85' lang='lat' dir='ltr'>tribus</span> <span class='ocrx_word' id='word_1_252' title='bbox 1497 3835 1601 3893; x_wconf 87' lang='lat' dir='ltr'>viis</span> <span class='ocrx_word' id='word_1_253' title='bbox 1631 3852 1921 3906; x_wconf 86' lang='lat' dir='ltr'>movetur,</span> 
     </span>
     <span class='ocr_line' id='line_1_46' title="bbox 619 3909 1925 3989; baseline 0 -22"><span class='ocrx_word' id='word_1_254' title='bbox 619 3909 701 3968; x_wconf 83' lang='lat' dir='ltr'>.in</span> <span class='ocrx_word' id='word_1_255' title='bbox 729 3910 1078 3970; x_wconf 79' lang='lat' dir='ltr'>altitudinem</span> <span class='ocrx_word' id='word_1_256' title='bbox 1097 3953 1117 3981; x_wconf 90' lang='lat'>,</span> <span class='ocrx_word' id='word_1_257' title='bbox 1155 3915 1211 3969; x_wconf 78' lang='grc' dir='ltr'>δι</span> <span class='ocrx_word' id='word_1_258' title='bbox 1235 3910 1581 3970; x_wconf 87' lang='lat' dir='ltr'>latitudinem</span> <span class='ocrx_word' id='word_1_259' title='bbox 1598 3953 1618 3981; x_wconf 88' lang='lat'>‚</span> <span class='ocrx_word' id='word_1_260' title='bbox 1657 3914 1717 3968; x_wconf 80' lang='grc' dir='ltr'>δι</span> <span class='ocrx_word' id='word_1_261' title='bbox 1742 3911 1925 3989; x_wconf 88' lang='lat' dir='ltr'>longi·</span> 
     </span>
     <span class='ocr_line' id='line_1_47' title="bbox 637 3987 1921 4064; baseline 0 -21"><span class='ocrx_word' id='word_1_262' title='bbox 637 3987 914 4047; x_wconf 76' lang='lat' dir='ltr'>tudinem.</span> <span class='ocrx_word' id='word_1_263' title='bbox 956 3987 1163 4046; x_wconf 70' lang='lat' dir='ltr'>Eiidem</span> <span class='ocrx_word' id='word_1_264' title='bbox 1195 3988 1404 4046; x_wconf 86' lang='lat' dir='ltr'>ratione</span> <span class='ocrx_word' id='word_1_265' title='bbox 1431 3988 1464 4044; x_wconf 73' lang='lat' dir='ltr'>:i</span> <span class='ocrx_word' id='word_1_266' title='bbox 1495 3989 1716 4046; x_wconf 88' lang='lat' dir='ltr'>Graecis</span> <span class='ocrx_word' id='word_1_267' title='bbox 1740 3990 1921 4064; x_wconf 68' lang='grc' dir='ltr'>τριοδῖ·</span> 
     </span>
     <span class='ocr_line' id='line_1_48' title="bbox 637 4064 1919 4145; baseline -0.002 -18"><span class='ocrx_word' id='word_1_268' title='bbox 637 4086 718 4129; x_wconf 67' lang='lat' dir='ltr'>etue</span> <span class='ocrx_word' id='word_1_269' title='bbox 749 4064 891 4126; x_wconf 70' lang='lat' dir='ltr'>dicta</span> <span class='ocrx_word' id='word_1_270' title='bbox 916 4065 1026 4125; x_wconf 81' lang='lat' dir='ltr'>est:</span> <span class='ocrx_word' id='word_1_271' title='bbox 1067 4084 1208 4145; x_wconf 89' lang='lat' dir='ltr'>quae</span> <span class='ocrx_word' id='word_1_272' title='bbox 1239 4065 1436 4137; x_wconf 86' lang='lat' dir='ltr'>etiam,</span> <span class='ocrx_word' id='word_1_273' title='bbox 1478 4082 1538 4124; x_wconf 88' lang='lat' dir='ltr'>ut</span> <span class='ocrx_word' id='word_1_274' title='bbox 1566 4067 1641 4124; x_wconf 88' lang='lat' dir='ltr'>ait</span> <span class='ocrx_word' id='word_1_275' title='bbox 1667 4064 1919 4126; x_wconf 87' lang='lat' dir='ltr'>Phurnu·</span> 
     </span>
    </p>
   </div>
   <div class='ocr_carea' id='block_1_7' title="bbox 1443 637 2853 814">
    <p class='ocr_par' dir='ltr' id='par_1_19' title="bbox 1443 637 2853 814">
     <span class='ocr_line' id='line_1_49' title="bbox 1443 637 2853 814; baseline 0.001 -29"><span class='ocrx_word' id='word_1_276' title='bbox 1443 637 2040 788; x_wconf 57' lang='lat' dir='ltr'>Triviffiederit</span> <span class='ocrx_word' id='word_1_277' title='bbox 2076 700 2383 814; x_wconf 89' lang='lat' dir='ltr'>stirpem</span> <span class='ocrx_word' id='word_1_278' title='bbox 2424 697 2765 786; x_wconf 66' lang='lat' dir='ltr'>liberum.</span> <span class='ocrx_word' id='word_1_279' title='bbox 2848 726 2853 731; x_wconf 89' lang='grc'>·</span> 
     </span>
    </p>
   </div>
   <div class='ocr_carea' id='block_1_8' title="bbox 2969 487 3235 541">
    <p class='ocr_par' dir='ltr' id='par_1_20' title="bbox 2969 487 3235 541">
     <span class='ocr_line' id='line_1_50' title="bbox 2969 487 3235 541; baseline 0.008 -3"><span class='ocrx_word' id='word_1_280' title='bbox 2969 487 3235 541; x_wconf 64' lang='lat' dir='ltr'>Nandeot.</span> 
     </span>
    </p>
   </div>
   <div class='ocr_carea' id='block_1_9' title="bbox 2975 699 3263 815">
    <p class='ocr_par' dir='ltr' id='par_1_21' title="bbox 2975 699 3263 815">
     <span class='ocr_line' id='line_1_51' title="bbox 2975 699 3263 750; baseline 0 0"><span class='ocrx_word' id='word_1_281' title='bbox 2975 699 3263 750; x_wconf 68' lang='lat' dir='ltr'>Varr.1.6.!e</span> 
     </span>
     <span class='ocr_line' id='line_1_52' title="bbox 2976 764 3196 815; baseline 0.009 -2"><span class='ocrx_word' id='word_1_282' title='bbox 2976 764 3069 813; x_wconf 79' lang='lat' dir='ltr'>lin.</span> <span class='ocrx_word' id='word_1_283' title='bbox 3086 768 3196 815; x_wconf 82' lang='lat' dir='ltr'>Lat.</span> 
     </span>
    </p>
   </div>
   <div class='ocr_carea' id='block_1_10' title="bbox 1982 990 3273 1377">
    <p class='ocr_par' dir='ltr' id='par_1_22' title="bbox 1982 990 3273 1377">
     <span class='ocr_line' id='line_1_53' title="bbox 1982 990 3259 1084; baseline -0.002 -32"><span class='ocrx_word' id='word_1_284' title='bbox 1982 1011 2118 1065; x_wconf 76' lang='grc' dir='ltr'>ως,</span> <span class='ocrx_word' id='word_1_285' title='bbox 2173 995 2266 1051; x_wconf 71' lang='grc' dir='ltr'>τὸι</span> <span class='ocrx_word' id='word_1_286' title='bbox 2307 992 2506 1072; x_wconf 67' lang='grc' dir='ltr'><strong><em>τμῦὃυν</em></strong></span> <span class='ocrx_word' id='word_1_287' title='bbox 2561 992 2778 1064; x_wconf 64' lang='grc' dir='ltr'>ξπὸπΊις</span> <span class='ocrx_word' id='word_1_288' title='bbox 2821 990 3094 1084; x_wconf 68' lang='lat' dir='ltr'>appellata</span> <span class='ocrx_word' id='word_1_289' title='bbox 3134 991 3259 1063; x_wconf 69' lang='lat' dir='ltr'>fuit,</span> 
     </span>
     <span class='ocr_line' id='line_1_54' title="bbox 1987 1068 3273 1150; baseline -0.005 -21"><span class='ocrx_word' id='word_1_290' title='bbox 1987 1068 2140 1148; x_wconf 73' lang='lat' dir='ltr'>quod</span> <span class='ocrx_word' id='word_1_291' title='bbox 2169 1088 2378 1129; x_wconf 88' lang='lat' dir='ltr'>ternam</span> <span class='ocrx_word' id='word_1_292' title='bbox 2406 1074 2634 1150; x_wconf 89' lang='lat' dir='ltr'>accipiat</span> <span class='ocrx_word' id='word_1_293' title='bbox 2669 1087 3041 1129; x_wconf 79' lang='lat' dir='ltr'>mutationem</span> <span class='ocrx_word' id='word_1_294' title='bbox 3067 1110 3089 1140; x_wconf 85' lang='lat'>‚</span> <span class='ocrx_word' id='word_1_295' title='bbox 3138 1069 3273 1128; x_wconf 79' lang='lat' dir='ltr'>dum.</span> 
     </span>
     <span class='ocr_line' id='line_1_55' title="bbox 1990 1145 3260 1239; baseline -0.002 -33"><span class='ocrx_word' id='word_1_296' title='bbox 1990 1148 2311 1239; x_wconf 76' lang='lat' dir='ltr'>figniferum</span> <span class='ocrx_word' id='word_1_297' title='bbox 2340 1151 2533 1206; x_wconf 89' lang='lat' dir='ltr'>orbem</span> <span class='ocrx_word' id='word_1_298' title='bbox 2558 1145 2922 1227; x_wconf 84' lang='lat' dir='ltr'>perambulat.</span> <span class='ocrx_word' id='word_1_299' title='bbox 2965 1147 3260 1225; x_wconf 83' lang='lat' dir='ltr'>Aristopha-</span> 
     </span>
     <span class='ocr_line' id='line_1_56' title="bbox 1992 1222 3259 1296; baseline -0.002 -15"><span class='ocrx_word' id='word_1_300' title='bbox 1992 1245 2075 1282; x_wconf 85' lang='lat' dir='ltr'>nts</span> <span class='ocrx_word' id='word_1_301' title='bbox 2091 1224 2420 1282; x_wconf 82' lang='lat' dir='ltr'>Scholiastes</span> <span class='ocrx_word' id='word_1_302' title='bbox 2447 1227 2687 1296; x_wconf 84' lang='lat' dir='ltr'>ait,eam</span> <span class='ocrx_word' id='word_1_303' title='bbox 2712 1224 2854 1280; x_wconf 85' lang='lat' dir='ltr'>olim</span> <span class='ocrx_word' id='word_1_304' title='bbox 2886 1224 2945 1280; x_wconf 86' lang='lat' dir='ltr'>in</span> <span class='ocrx_word' id='word_1_305' title='bbox 2972 1222 3146 1281; x_wconf 87' lang='lat' dir='ltr'>triviis</span> <span class='ocrx_word' id='word_1_306' title='bbox 3162 1222 3259 1281; x_wconf 83' lang='lat' dir='ltr'>coli</span> 
     </span>
     <span class='ocr_line' id='line_1_57' title="bbox 1990 1300 3264 1377; baseline -0.003 -17"><span class='ocrx_word' id='word_1_307' title='bbox 1990 1302 2202 1360; x_wconf 89' lang='lat' dir='ltr'>solitam</span> <span class='ocrx_word' id='word_1_308' title='bbox 2218 1342 2237 1371; x_wconf 93' lang='lat'>,</span> <span class='ocrx_word' id='word_1_309' title='bbox 2256 1300 2406 1377; x_wconf 78' lang='lat' dir='ltr'>quod</span> <span class='ocrx_word' id='word_1_310' title='bbox 2432 1304 2610 1360; x_wconf 86' lang='lat' dir='ltr'>tribus</span> <span class='ocrx_word' id='word_1_311' title='bbox 2624 1318 2913 1359; x_wconf 85' lang='lat' dir='ltr'>vocaretur</span> <span class='ocrx_word' id='word_1_312' title='bbox 2939 1301 3264 1358; x_wconf 81' lang='lat' dir='ltr'>nominibus.</span> 
     </span>
    </p>
   </div>
   <div class='ocr_carea' id='block_1_11' title="bbox 1910 1376 3261 1453">
    <p class='ocr_par' dir='ltr' id='par_1_23' title="bbox 1910 1376 3261 1453">
     <span class='ocr_line' id='line_1_58' title="bbox 1910 1376 3261 1453; baseline -0.001 -17"><span class='ocrx_word' id='word_1_313' title='bbox 1910 1436 1917 1441; x_wconf 76' lang='lat'><em>,</em></span> <span class='ocrx_word' id='word_1_314' title='bbox 1993 1376 2205 1448; x_wconf 70' lang='grc' dir='ltr'>σελῆνη,</span> <span class='ocrx_word' id='word_1_315' title='bbox 2246 1380 2487 1453; x_wconf 60' lang='lat' dir='ltr'>elipe-cmg,</span> <span class='ocrx_word' id='word_1_316' title='bbox 2530 1378 2707 1441; x_wconf 72' lang='grc' dir='ltr'>ἔιιάτη.</span> <span class='ocrx_word' id='word_1_317' title='bbox 2748 1380 2818 1434; x_wconf 78' lang='lat' dir='ltr'>Et</span> <span class='ocrx_word' id='word_1_318' title='bbox 2842 1378 3261 1453; x_wconf 74' lang='lat' dir='ltr'>quoniammen·</span> 
     </span>
    </p>
   </div>
   <div class='ocr_carea' id='block_1_12' title="bbox 1993 1453 3335 4059">
    <p class='ocr_par' dir='ltr' id='par_1_24' title="bbox 1993 1453 3265 2509">
     <span class='ocr_line' id='line_1_59' title="bbox 1993 1453 3261 1521; baseline -0.002 -8"><span class='ocrx_word' id='word_1_319' title='bbox 1993 1453 2073 1513; x_wconf 91' lang='lat' dir='ltr'>ses</span> <span class='ocrx_word' id='word_1_320' title='bbox 2099 1453 2165 1512; x_wconf 85' lang='lat' dir='ltr'>ad</span> <span class='ocrx_word' id='word_1_321' title='bbox 2189 1453 2406 1511; x_wconf 87' lang='lat' dir='ltr'>cursum</span> <span class='ocrx_word' id='word_1_322' title='bbox 2434 1459 2623 1513; x_wconf 82' lang='lat' dir='ltr'>Lunae</span> <span class='ocrx_word' id='word_1_323' title='bbox 2652 1471 2863 1512; x_wconf 90' lang='lat' dir='ltr'>veteres</span> <span class='ocrx_word' id='word_1_324' title='bbox 2895 1455 3261 1521; x_wconf 81' lang='lat' dir='ltr'>metiebantur,</span> 
     </span>
     <span class='ocr_line' id='line_1_60' title="bbox 1994 1527 3262 1608; baseline -0.002 -19"><span class='ocrx_word' id='word_1_325' title='bbox 1994 1529 2071 1589; x_wconf 85' lang='lat' dir='ltr'>fin</span> <span class='ocrx_word' id='word_1_326' title='bbox 2113 1530 2218 1587; x_wconf 86' lang='lat' dir='ltr'>ulis</span> <span class='ocrx_word' id='word_1_327' title='bbox 2249 1530 2584 1595; x_wconf 82' lang='lat' dir='ltr'>noviluniis,</span> <span class='ocrx_word' id='word_1_328' title='bbox 2636 1533 2672 1588; x_wconf 75' lang='lat' dir='ltr'>a</span> <span class='ocrx_word' id='word_1_329' title='bbox 2704 1532 2909 1606; x_wconf 84' lang='lat' dir='ltr'>quibus</span> <span class='ocrx_word' id='word_1_330' title='bbox 2936 1529 3145 1588; x_wconf 85' lang='lat' dir='ltr'>menses</span> <span class='ocrx_word' id='word_1_331' title='bbox 3178 1527 3262 1608; x_wconf 81' lang='lat' dir='ltr'>ipfi</span> 
     </span>
     <span class='ocr_line' id='line_1_61' title="bbox 1995 1609 3262 1685; baseline -0.002 -19"><span class='ocrx_word' id='word_1_332' title='bbox 1995 1628 2061 1666; x_wconf 85' lang='lat' dir='ltr'>au</span> <span class='ocrx_word' id='word_1_333' title='bbox 2091 1609 2408 1685; x_wconf 82' lang='lat' dir='ltr'>picabantur</span> <span class='ocrx_word' id='word_1_334' title='bbox 2432 1650 2451 1679; x_wconf 88' lang='lat'>,</span> <span class='ocrx_word' id='word_1_335' title='bbox 2506 1611 2564 1665; x_wconf 87' lang='lat' dir='ltr'>in</span> <span class='ocrx_word' id='word_1_336' title='bbox 2604 1610 2781 1664; x_wconf 86' lang='lat' dir='ltr'>triviis</span> <span class='ocrx_word' id='word_1_337' title='bbox 2821 1610 3012 1665; x_wconf 89' lang='lat' dir='ltr'>Lunae</span> <span class='ocrx_word' id='word_1_338' title='bbox 3056 1625 3262 1666; x_wconf 80' lang='lat' dir='ltr'>coenam</span> 
     </span>
     <span class='ocr_line' id='line_1_62' title="bbox 1997 1683 3262 1763; baseline -0.004 -19"><span class='ocrx_word' id='word_1_339' title='bbox 1997 1689 2217 1762; x_wconf 82' lang='lat' dir='ltr'>vespere</span> <span class='ocrx_word' id='word_1_340' title='bbox 2249 1703 2349 1763; x_wconf 92' lang='lat' dir='ltr'>pro</span> <span class='ocrx_word' id='word_1_341' title='bbox 2380 1683 2642 1742; x_wconf 82' lang='lat' dir='ltr'>sacrificio</span> <span class='ocrx_word' id='word_1_342' title='bbox 2664 1684 2863 1742; x_wconf 89' lang='lat' dir='ltr'>divites</span> <span class='ocrx_word' id='word_1_343' title='bbox 2895 1685 3186 1761; x_wconf 66' lang='lat' dir='ltr'>parabant,</span> <span class='ocrx_word' id='word_1_344' title='bbox 3211 1684 3262 1739; x_wconf 89' lang='lat' dir='ltr'>in</span> 
     </span>
     <span class='ocr_line' id='line_1_63' title="bbox 1999 1761 3265 1839; baseline -0.002 -20"><span class='ocrx_word' id='word_1_345' title='bbox 1999 1780 2165 1838; x_wconf 86' lang='lat' dir='ltr'>quam</span> <span class='ocrx_word' id='word_1_346' title='bbox 2195 1780 2457 1839; x_wconf 87' lang='lat' dir='ltr'>pauperes</span> <span class='ocrx_word' id='word_1_347' title='bbox 2484 1764 2755 1819; x_wconf 87' lang='lat' dir='ltr'>irruentes</span> <span class='ocrx_word' id='word_1_348' title='bbox 2776 1764 3033 1839; x_wconf 86' lang='lat' dir='ltr'>protinus</span> <span class='ocrx_word' id='word_1_349' title='bbox 3061 1761 3265 1819; x_wconf 74' lang='lat' dir='ltr'>c&#39;evom·</span> 
     </span>
     <span class='ocr_line' id='line_1_64' title="bbox 1997 1835 3263 1915; baseline -0.004 -18"><span class='ocrx_word' id='word_1_350' title='bbox 1997 1838 2147 1897; x_wconf 83' lang='lat' dir='ltr'>bant.</span> <span class='ocrx_word' id='word_1_351' title='bbox 2189 1839 2573 1913; x_wconf 85' lang='lat' dir='ltr'>Quamobrem</span> <span class='ocrx_word' id='word_1_352' title='bbox 2594 1842 2804 1896; x_wconf 86' lang='lat' dir='ltr'>Lunam</span> <span class='ocrx_word' id='word_1_353' title='bbox 2822 1879 2842 1908; x_wconf 92' lang='lat'>‚</span> <span class='ocrx_word' id='word_1_354' title='bbox 2881 1856 3023 1914; x_wconf 87' lang='lat' dir='ltr'>quae</span> <span class='ocrx_word' id='word_1_355' title='bbox 3045 1835 3263 1915; x_wconf 80' lang='lat' dir='ltr'>appofita</span> 
     </span>
     <span class='ocr_line' id='line_1_65' title="bbox 2000 1911 3255 1987; baseline -0.002 -15"><span class='ocrx_word' id='word_1_356' title='bbox 2000 1911 2201 1987; x_wconf 80' lang='lat' dir='ltr'>effent,</span> <span class='ocrx_word' id='word_1_357' title='bbox 2240 1914 2529 1972; x_wconf 83' lang='lat' dir='ltr'>comediffe</span> <span class='ocrx_word' id='word_1_358' title='bbox 2571 1911 2957 1985; x_wconf 81' lang='lat' dir='ltr'>affeverabant.</span> <span class='ocrx_word' id='word_1_359' title='bbox 3028 1916 3255 1971; x_wconf 68' lang='lat' dir='ltr'>Hecaten</span> 
     </span>
     <span class='ocr_line' id='line_1_66' title="bbox 1994 1986 3264 2062; baseline -0.002 -12"><span class='ocrx_word' id='word_1_360' title='bbox 1994 2010 2176 2050; x_wconf 88' lang='lat' dir='ltr'>autem</span> <span class='ocrx_word' id='word_1_361' title='bbox 2197 2033 2215 2062; x_wconf 92' lang='lat'>,</span> <span class='ocrx_word' id='word_1_362' title='bbox 2257 1995 2309 2049; x_wconf 85' lang='lat'>&amp;</span> <span class='ocrx_word' id='word_1_363' title='bbox 2342 1993 2577 2047; x_wconf 80' lang='lat' dir='ltr'>Dianam</span> <span class='ocrx_word' id='word_1_364' title='bbox 2616 1991 2853 2048; x_wconf 90' lang='lat' dir='ltr'>eandem</span> <span class='ocrx_word' id='word_1_365' title='bbox 2881 1986 3015 2061; x_wconf 75' lang='lat' dir='ltr'>effe,</span> <span class='ocrx_word' id='word_1_366' title='bbox 3052 2008 3168 2047; x_wconf 85' lang='lat' dir='ltr'>tum</span> <span class='ocrx_word' id='word_1_367' title='bbox 3201 2008 3264 2047; x_wconf 83' lang='lat' dir='ltr'>ex</span> 
     </span>
     <span class='ocr_line' id='line_1_67' title="bbox 1995 2066 3264 2160; baseline -0.002 -34"><span class='ocrx_word' id='word_1_368' title='bbox 1995 2069 2117 2127; x_wconf 89' lang='lat' dir='ltr'>aliis</span> <span class='ocrx_word' id='word_1_369' title='bbox 2139 2068 2451 2125; x_wconf 64' lang='lat' dir='ltr'>auctoribus</span> <span class='ocrx_word' id='word_1_370' title='bbox 2466 2111 2484 2139; x_wconf 89' lang='lat'>,</span> <span class='ocrx_word' id='word_1_371' title='bbox 2502 2085 2622 2125; x_wconf 89' lang='lat' dir='ltr'>tum</span> <span class='ocrx_word' id='word_1_372' title='bbox 2651 2086 2722 2125; x_wconf 81' lang='lat' dir='ltr'>ex</span> <span class='ocrx_word' id='word_1_373' title='bbox 2739 2071 2827 2125; x_wconf 90' lang='lat' dir='ltr'>Or</span> <span class='ocrx_word' id='word_1_374' title='bbox 2868 2066 2976 2125; x_wconf 88' lang='lat' dir='ltr'>heo</span> <span class='ocrx_word' id='word_1_375' title='bbox 2992 2067 3135 2160; x_wconf 86' lang='lat' dir='ltr'>apud</span> <span class='ocrx_word' id='word_1_376' title='bbox 3147 2067 3264 2124; x_wconf 89' lang='lat' dir='ltr'>Pro·</span> 
     </span>
     <span class='ocr_line' id='line_1_68' title="bbox 2000 2144 3262 2218; baseline -0.003 -14"><span class='ocrx_word' id='word_1_377' title='bbox 2000 2146 2151 2204; x_wconf 91' lang='lat' dir='ltr'>clum</span> <span class='ocrx_word' id='word_1_378' title='bbox 2181 2147 2241 2202; x_wconf 89' lang='lat' dir='ltr'>in</span> <span class='ocrx_word' id='word_1_379' title='bbox 2271 2146 2702 2203; x_wconf 87' lang='lat' dir='ltr'>Commentariis</span> <span class='ocrx_word' id='word_1_380' title='bbox 2724 2148 2785 2202; x_wconf 91' lang='lat' dir='ltr'>in</span> <span class='ocrx_word' id='word_1_381' title='bbox 2840 2144 3065 2201; x_wconf 77' lang='lat' dir='ltr'>&#39;latonrs</span> <span class='ocrx_word' id='word_1_382' title='bbox 3091 2145 3262 2218; x_wconf 79' lang='lat' dir='ltr'>Craty·</span> 
     </span>
     <span class='ocr_line' id='line_1_69' title="bbox 1999 2220 3262 2358; baseline -0.004 -77"><span class='ocrx_word' id='word_1_383' title='bbox 1999 2222 2121 2358; x_wconf 51' lang='lat' dir='ltr'>ium</span> <span class='ocrx_word' id='word_1_384' title='bbox 2152 2238 2388 2301; x_wconf 84' lang='lat' dir='ltr'>apparet.</span> <span class='ocrx_word' id='word_1_385' title='bbox 2449 2221 2738 2302; x_wconf 81' lang='lat' dir='ltr'>roitca</span> <span class='ocrx_word' id='word_1_386' title='bbox 2768 2223 2936 2280; x_wconf 82' lang='lat' dir='ltr'>etiam</span> <span class='ocrx_word' id='word_1_387' title='bbox 2966 2225 3121 2280; x_wconf 76' lang='lat' dir='ltr'>Maro</span> <span class='ocrx_word' id='word_1_388' title='bbox 3143 2220 3262 2278; x_wconf 79' lang='lat' dir='ltr'>dixit</span> 
     </span>
     <span class='ocr_line' id='line_1_70' title="bbox 2027 2303 2272 2373; baseline -0.004 -15"><span class='ocrx_word' id='word_1_389' title='bbox 2027 2340 2041 2358; x_wconf 88' lang='lat'><strong>.</strong></span> <span class='ocrx_word' id='word_1_390' title='bbox 2061 2323 2115 2373; x_wconf 80' lang='lat'>4.</span> <span class='ocrx_word' id='word_1_391' title='bbox 2131 2303 2272 2358; x_wconf 77' lang='lat' dir='ltr'>Aen.</span> 
     </span>
     <span class='ocr_line' id='line_1_71' title="bbox 2078 2376 3261 2453; baseline -0.004 -18"><span class='ocrx_word' id='word_1_392' title='bbox 2078 2378 2516 2453; x_wconf 77' lang='lat' dir='ltr'>Ter-geminamque</span> <span class='ocrx_word' id='word_1_393' title='bbox 2527 2386 2744 2434; x_wconf 74' lang='lat' dir='ltr'>Hecaten</span> <span class='ocrx_word' id='word_1_394' title='bbox 2761 2417 2782 2447; x_wconf 89' lang='lat'><em>‚</em></span> <span class='ocrx_word' id='word_1_395' title='bbox 2820 2377 2930 2433; x_wconf 77' lang='lat' dir='ltr'>m&#39;a</span> <span class='ocrx_word' id='word_1_396' title='bbox 2960 2376 3167 2451; x_wconf 64' lang='lat' dir='ltr'>virginis</span> <span class='ocrx_word' id='word_1_397' title='bbox 3189 2392 3261 2431; x_wconf 70' lang='lat' dir='ltr'>aa</span> 
     </span>
     <span class='ocr_line' id='line_1_72' title="bbox 2226 2455 2445 2509; baseline -0.005 0"><span class='ocrx_word' id='word_1_398' title='bbox 2226 2455 2445 2509; x_wconf 71' lang='lat' dir='ltr'>Dianae.</span> 
     </span>
    </p>

    <p class='ocr_par' dir='ltr' id='par_1_25' title="bbox 2003 2529 2542 2596">
     <span class='ocr_line' id='line_1_73' title="bbox 2003 2529 2542 2596; baseline -0.002 -7"><span class='ocrx_word' id='word_1_399' title='bbox 2003 2529 2243 2596; x_wconf 85' lang='lat' dir='ltr'>Ovidius</span> <span class='ocrx_word' id='word_1_400' title='bbox 2275 2529 2316 2588; x_wconf 90' lang='lat' dir='ltr'>l.</span> <span class='ocrx_word' id='word_1_401' title='bbox 2336 2548 2384 2588; x_wconf 82' lang='grc' dir='ltr'>ι.</span> <span class='ocrx_word' id='word_1_402' title='bbox 2406 2531 2542 2588; x_wconf 78' lang='lat' dir='ltr'>Fast-</span> 
     </span>
    </p>

    <p class='ocr_par' dir='ltr' id='par_1_26' title="bbox 1999 2608 3261 2990">
     <span class='ocr_line' id='line_1_74' title="bbox 2076 2608 3255 2682; baseline 0 -20"><span class='ocrx_word' id='word_1_403' title='bbox 2076 2615 2185 2664; x_wconf 82' lang='lat' dir='ltr'>Ora</span> <span class='ocrx_word' id='word_1_404' title='bbox 2199 2608 2379 2663; x_wconf 82' lang='lat' dir='ltr'>videns</span> <span class='ocrx_word' id='word_1_405' title='bbox 2396 2617 2597 2664; x_wconf 78' lang='lat' dir='ltr'>Hecates</span> <span class='ocrx_word' id='word_1_406' title='bbox 2627 2610 2682 2664; x_wconf 80' lang='lat' dir='ltr'>in</span> <span class='ocrx_word' id='word_1_407' title='bbox 2708 2622 2807 2664; x_wconf 74' lang='lat' dir='ltr'>tres</span> <span class='ocrx_word' id='word_1_408' title='bbox 2823 2609 3076 2682; x_wconf 70' lang='lat' dir='ltr'>vergentia</span> <span class='ocrx_word' id='word_1_409' title='bbox 3086 2618 3255 2681; x_wconf 72' lang='lat' dir='ltr'>parter.</span> 
     </span>
     <span class='ocr_line' id='line_1_75' title="bbox 2001 2681 3256 2761; baseline -0.002 -20"><span class='ocrx_word' id='word_1_410' title='bbox 2001 2681 2144 2748; x_wconf 82' lang='lat' dir='ltr'>Aliis</span> <span class='ocrx_word' id='word_1_411' title='bbox 2191 2683 2405 2761; x_wconf 86' lang='lat' dir='ltr'>placet,</span> <span class='ocrx_word' id='word_1_412' title='bbox 2445 2685 2688 2742; x_wconf 83' lang='lat' dir='ltr'>Triviam</span> <span class='ocrx_word' id='word_1_413' title='bbox 2722 2685 2941 2742; x_wconf 70' lang='lat' dir='ltr'>‘dictam</span> <span class='ocrx_word' id='word_1_414' title='bbox 2970 2727 2991 2754; x_wconf 88' lang='lat'>,</span> <span class='ocrx_word' id='word_1_415' title='bbox 3036 2681 3173 2761; x_wconf 86' lang='lat' dir='ltr'>quod</span> <span class='ocrx_word' id='word_1_416' title='bbox 3203 2683 3256 2738; x_wconf 86' lang='lat' dir='ltr'>in</span> 
     </span>
     <span class='ocr_line' id='line_1_76' title="bbox 1999 2758 3259 2839; baseline -0.001 -22"><span class='ocrx_word' id='word_1_417' title='bbox 1999 2760 2188 2832; x_wconf 88' lang='lat' dir='ltr'>caelo,</span> <span class='ocrx_word' id='word_1_418' title='bbox 2242 2763 2301 2819; x_wconf 89' lang='lat' dir='ltr'>in</span> <span class='ocrx_word' id='word_1_419' title='bbox 2330 2779 2471 2819; x_wconf 86' lang='lat' dir='ltr'>terra</span> <span class='ocrx_word' id='word_1_420' title='bbox 2498 2802 2519 2830; x_wconf 87' lang='lat'>‚</span> <span class='ocrx_word' id='word_1_421' title='bbox 2570 2764 2622 2817; x_wconf 74' lang='grc'>8(</span> <span class='ocrx_word' id='word_1_422' title='bbox 2653 2761 2799 2839; x_wconf 88' lang='lat' dir='ltr'>apud</span> <span class='ocrx_word' id='word_1_423' title='bbox 2840 2762 3051 2819; x_wconf 84' lang='lat' dir='ltr'>inferos</span> <span class='ocrx_word' id='word_1_424' title='bbox 3086 2758 3259 2818; x_wconf 80' lang='lat' dir='ltr'>eadem</span> 
     </span>
     <span class='ocr_line' id='line_1_77' title="bbox 2000 2835 3261 2915; baseline -0.002 -22"><span class='ocrx_word' id='word_1_425' title='bbox 2000 2837 2204 2914; x_wconf 87' lang='lat' dir='ltr'>polleat</span> <span class='ocrx_word' id='word_1_426' title='bbox 2227 2839 2507 2913; x_wconf 82' lang='lat' dir='ltr'>potestate.</span> <span class='ocrx_word' id='word_1_427' title='bbox 2549 2838 2638 2895; x_wconf 89' lang='lat' dir='ltr'>De</span> <span class='ocrx_word' id='word_1_428' title='bbox 2669 2857 2778 2915; x_wconf 88' lang='lat' dir='ltr'>qua</span> <span class='ocrx_word' id='word_1_429' title='bbox 2809 2835 3261 2896; x_wconf 55' lang='lat' dir='ltr'>Prudentius-ln.</span> 
     </span>
     <span class='ocr_line' id='line_1_78' title="bbox 2000 2913 2633 2990; baseline -0.003 -18"><span class='ocrx_word' id='word_1_430' title='bbox 2000 2931 2190 2972; x_wconf 84' lang='lat' dir='ltr'>contra</span> <span class='ocrx_word' id='word_1_431' title='bbox 2206 2913 2597 2990; x_wconf 86' lang='lat' dir='ltr'>Symmachum</span> <span class='ocrx_word' id='word_1_432' title='bbox 2613 2934 2633 2982; x_wconf 79' lang='lat'>3</span> 
     </span>
    </p>

    <p class='ocr_par' dir='ltr' id='par_1_27' title="bbox 2049 2988 3261 3124">
     <span class='ocr_line' id='line_1_79' title="bbox 2049 2988 3261 3068; baseline -0.004 -20"><span class='ocrx_word' id='word_1_433' title='bbox 2049 2994 2306 3068; x_wconf 78' lang='lat' dir='ltr'>,Denique</span> <span class='ocrx_word' id='word_1_434' title='bbox 2335 2990 2449 3050; x_wconf 70' lang='lat' dir='ltr'>ciam</span> <span class='ocrx_word' id='word_1_435' title='bbox 2463 3000 2609 3048; x_wconf 78' lang='lat' dir='ltr'>Luna</span> <span class='ocrx_word' id='word_1_436' title='bbox 2624 2988 2687 3064; x_wconf 79' lang='lat' dir='ltr'>est</span> <span class='ocrx_word' id='word_1_437' title='bbox 2700 3031 2722 3060; x_wconf 89' lang='lat'>‚</span> <span class='ocrx_word' id='word_1_438' title='bbox 2736 2989 2980 3065; x_wconf 74' lang='lat' dir='ltr'>sublustri</span> <span class='ocrx_word' id='word_1_439' title='bbox 2991 2988 3189 3067; x_wconf 57' lang='lat' dir='ltr'>sponda</span> <span class='ocrx_word' id='word_1_440' title='bbox 3212 3005 3261 3042; x_wconf 74' lang='lat' dir='ltr'>a·</span> 
     </span>
     <span class='ocr_line' id='line_1_80' title="bbox 2231 3069 2425 3124; baseline -0.01 0"><span class='ocrx_word' id='word_1_441' title='bbox 2231 3069 2392 3124; x_wconf 59' lang='lat' dir='ltr'>micha</span> <span class='ocrx_word' id='word_1_442' title='bbox 2408 3091 2425 3122; x_wconf 89' lang='grc'>.·</span> 
     </span>
    </p>

    <p class='ocr_par' dir='ltr' id='par_1_28' title="bbox 2078 3140 3261 3220">
     <span class='ocr_line' id='line_1_81' title="bbox 2078 3140 3261 3220; baseline -0.004 -21"><span class='ocrx_word' id='word_1_443' title='bbox 2078 3142 2475 3220; x_wconf 66' lang='grc' dir='ltr'>Οὲηιῄιειίηὲἶα</span> <span class='ocrx_word' id='word_1_444' title='bbox 2492 3144 2622 3217; x_wconf 73' lang='lat' dir='ltr'>jacit</span> <span class='ocrx_word' id='word_1_445' title='bbox 2644 3141 2863 3202; x_wconf 80' lang='lat' dir='ltr'>calamos</span> <span class='ocrx_word' id='word_1_446' title='bbox 2878 3184 2901 3215; x_wconf 90' lang='lat'><em>,</em></span> <span class='ocrx_word' id='word_1_447' title='bbox 2916 3140 3117 3199; x_wconf 71' lang='lat' dir='ltr'>Latonia</span> <span class='ocrx_word' id='word_1_448' title='bbox 3128 3142 3261 3215; x_wconf 77' lang='lat' dir='ltr'>virgo</span> 
     </span>
    </p>

    <p class='ocr_par' dir='ltr' id='par_1_29' title="bbox 2226 3226 2340 3277">
     <span class='ocr_line' id='line_1_82' title="bbox 2226 3226 2340 3277; baseline 0 0"><span class='ocrx_word' id='word_1_449' title='bbox 2226 3226 2305 3277; x_wconf 68' lang='grc' dir='ltr'>εΗ</span> <span class='ocrx_word' id='word_1_450' title='bbox 2320 3244 2340 3277; x_wconf 86' lang='grc'>.·</span> 
     </span>
    </p>

    <p class='ocr_par' dir='ltr' id='par_1_30' title="bbox 2080 3295 3218 3369">
     <span class='ocr_line' id='line_1_83' title="bbox 2080 3295 3218 3369; baseline -0.002 -17"><span class='ocrx_word' id='word_1_451' title='bbox 2080 3300 2218 3353; x_wconf 68' lang='lat' dir='ltr'>ciam</span> <span class='ocrx_word' id='word_1_452' title='bbox 2236 3296 2457 3368; x_wconf 80' lang='lat' dir='ltr'>subnixa</span> <span class='ocrx_word' id='word_1_453' title='bbox 2471 3298 2598 3366; x_wconf 76' lang='lat' dir='ltr'>sedet</span> <span class='ocrx_word' id='word_1_454' title='bbox 2611 3296 2728 3366; x_wconf 73' lang='lat' dir='ltr'>folio</span> <span class='ocrx_word' id='word_1_455' title='bbox 2742 3339 2763 3368; x_wconf 84' lang='lat'><em>‚</em></span> <span class='ocrx_word' id='word_1_456' title='bbox 2783 3296 3018 3353; x_wconf 74' lang='lat' dir='ltr'>Plutonia</span> <span class='ocrx_word' id='word_1_457' title='bbox 3030 3295 3218 3369; x_wconf 64' lang='lat' dir='ltr'>conjux,</span> 
     </span>
    </p>

    <p class='ocr_par' dir='ltr' id='par_1_31' title="bbox 1994 3375 3255 3527">
     <span class='ocr_line' id='line_1_84' title="bbox 2083 3375 3255 3450; baseline -0.003 -22"><span class='ocrx_word' id='word_1_458' title='bbox 2083 3377 2342 3448; x_wconf 78' lang='lat' dir='ltr'>Imperitat</span> <span class='ocrx_word' id='word_1_459' title='bbox 2360 3377 2553 3442; x_wconf 77' lang='lat' dir='ltr'>Furiis,</span> <span class='ocrx_word' id='word_1_460' title='bbox 2568 3394 2637 3436; x_wconf 73' lang='lat'>(9¹</span> <span class='ocrx_word' id='word_1_461' title='bbox 2664 3375 2830 3430; x_wconf 72' lang='lat' dir='ltr'>dietat</span> <span class='ocrx_word' id='word_1_462' title='bbox 2848 3375 2973 3450; x_wconf 77' lang='lat' dir='ltr'>jum</span> <span class='ocrx_word' id='word_1_463' title='bbox 3001 3381 3255 3447; x_wconf 62' lang='lat' dir='ltr'>megaerae.</span> 
     </span>
     <span class='ocr_line' id='line_1_85' title="bbox 1994 3447 2870 3527; baseline 0 -20"><span class='ocrx_word' id='word_1_464' title='bbox 1994 3452 2380 3508; x_wconf 69' lang='lat' dir='ltr'>innominatus</span> <span class='ocrx_word' id='word_1_465' title='bbox 2409 3451 2633 3527; x_wconf 87' lang='lat' dir='ltr'>quidam</span> <span class='ocrx_word' id='word_1_466' title='bbox 2664 3447 2834 3508; x_wconf 69' lang='lat' dir='ltr'>Poeta</span> <span class='ocrx_word' id='word_1_467' title='bbox 2848 3471 2870 3517; x_wconf 79' lang='lat'>3</span> 
     </span>
    </p>

    <p class='ocr_par' dir='ltr' id='par_1_32' title="bbox 2090 3527 3335 3604">
     <span class='ocr_line' id='line_1_86' title="bbox 2090 3527 3335 3604; baseline -0.003 -20"><span class='ocrx_word' id='word_1_468' title='bbox 2090 3535 2293 3598; x_wconf 75' lang='lat' dir='ltr'>Terret,</span> <span class='ocrx_word' id='word_1_469' title='bbox 2334 3527 2512 3599; x_wconf 77' lang='lat' dir='ltr'>lustrat</span> <span class='ocrx_word' id='word_1_470' title='bbox 2527 3571 2546 3600; x_wconf 88' lang='lat'>‚</span> <span class='ocrx_word' id='word_1_471' title='bbox 2577 3529 2719 3603; x_wconf 79' lang='lat' dir='ltr'>agit,</span> <span class='ocrx_word' id='word_1_472' title='bbox 2749 3530 3075 3604; x_wconf 76' lang='lat' dir='ltr'>Proserpina,</span> <span class='ocrx_word' id='word_1_473' title='bbox 3099 3532 3262 3595; x_wconf 58' lang='lat' dir='ltr'>lana,</span> <span class='ocrx_word' id='word_1_474' title='bbox 3330 3576 3335 3580; x_wconf 86' lang='lat'>.</span> 
     </span>
    </p>

    <p class='ocr_par' dir='ltr' id='par_1_33' title="bbox 2236 3603 2448 3674">
     <span class='ocr_line' id='line_1_87' title="bbox 2236 3603 2448 3674; baseline -0.005 -15"><span class='ocrx_word' id='word_1_475' title='bbox 2236 3603 2413 3659; x_wconf 69' lang='lat' dir='ltr'>Diana</span> <span class='ocrx_word' id='word_1_476' title='bbox 2429 3645 2448 3674; x_wconf 89' lang='lat'>‚</span> 
     </span>
    </p>

    <p class='ocr_par' dir='ltr' id='par_1_34' title="bbox 1999 3679 3261 4059">
     <span class='ocr_line' id='line_1_88' title="bbox 2080 3679 3253 3756; baseline -0.005 -19"><span class='ocrx_word' id='word_1_477' title='bbox 2080 3690 2195 3737; x_wconf 73' lang='lat' dir='ltr'>Ima</span> <span class='ocrx_word' id='word_1_478' title='bbox 2210 3721 2229 3750; x_wconf 90' lang='lat'>‚</span> <span class='ocrx_word' id='word_1_479' title='bbox 2245 3683 2468 3751; x_wconf 71' lang='lat' dir='ltr'>superna,</span> <span class='ocrx_word' id='word_1_480' title='bbox 2480 3681 2634 3751; x_wconf 73' lang='lat' dir='ltr'>seras,</span> <span class='ocrx_word' id='word_1_481' title='bbox 2640 3682 2844 3756; x_wconf 76' lang='lat' dir='ltr'>sceptro,</span> <span class='ocrx_word' id='word_1_482' title='bbox 2857 3679 3067 3755; x_wconf 69' lang='lat' dir='ltr'>litigare,</span> <span class='ocrx_word' id='word_1_483' title='bbox 3078 3679 3253 3753; x_wconf 64' lang='lat' dir='ltr'>sagi-‘m</span> 
     </span>
     <span class='ocr_line' id='line_1_89' title="bbox 2001 3757 3252 3832; baseline -0.003 -17"><span class='ocrx_word' id='word_1_484' title='bbox 2001 3759 2085 3816; x_wconf 86' lang='lat' dir='ltr'>Ab</span> <span class='ocrx_word' id='word_1_485' title='bbox 2112 3757 2466 3816; x_wconf 86' lang='lat' dir='ltr'>Eratosthene</span> <span class='ocrx_word' id='word_1_486' title='bbox 2490 3776 2675 3828; x_wconf 84' lang='lat' dir='ltr'>autem</span> <span class='ocrx_word' id='word_1_487' title='bbox 2703 3759 2773 3823; x_wconf 75' lang='grc' dir='ltr'>εἰς</span> <span class='ocrx_word' id='word_1_488' title='bbox 2803 3758 2874 3814; x_wconf 67' lang='grc' dir='ltr'>τὰ</span> <span class='ocrx_word' id='word_1_489' title='bbox 2903 3758 3127 3832; x_wconf 68' lang='grc' dir='ltr'>Ἀράτου</span> <span class='ocrx_word' id='word_1_490' title='bbox 3150 3768 3252 3823; x_wconf 73' lang='grc' dir='ltr'>φει-</span> 
     </span>
     <span class='ocr_line' id='line_1_90' title="bbox 1999 3827 3261 3909; baseline -0.001 -18"><span class='ocrx_word' id='word_1_491' title='bbox 1999 3836 2176 3902; x_wconf 55' lang='lat' dir='ltr'>reptem</span> <span class='ocrx_word' id='word_1_492' title='bbox 2214 3832 2414 3891; x_wconf 75' lang='lat' dir='ltr'>dicitur</span> <span class='ocrx_word' id='word_1_493' title='bbox 2454 3832 2769 3909; x_wconf 64' lang='grc' dir='ltr'>διχότομος,</span> <span class='ocrx_word' id='word_1_494' title='bbox 2809 3831 2976 3906; x_wconf 62' lang='grc' dir='ltr'>λοξαὶ,</span> <span class='ocrx_word' id='word_1_495' title='bbox 3010 3827 3261 3904; x_wconf 54' lang='grc' dir='ltr'>μηνοειδές·</span> 
     </span>
     <span class='ocr_line' id='line_1_91' title="bbox 2005 3906 3257 3990; baseline -0.006 -22"><span class='ocrx_word' id='word_1_496' title='bbox 2005 3915 2077 3970; x_wconf 87' lang='lat' dir='ltr'>At</span> <span class='ocrx_word' id='word_1_497' title='bbox 2093 3911 2425 3970; x_wconf 75' lang='lat' dir='ltr'>cleomedes</span> <span class='ocrx_word' id='word_1_498' title='bbox 2450 3910 2490 3968; x_wconf 86' lang='lat' dir='ltr'>l.</span> <span class='ocrx_word' id='word_1_499' title='bbox 2508 3932 2565 3968; x_wconf 82' lang='lat'>2.</span> <span class='ocrx_word' id='word_1_500' title='bbox 2592 3913 2712 3990; x_wconf 64' lang='grc' dir='ltr'>πεςὶ</span> <span class='ocrx_word' id='word_1_501' title='bbox 2737 3915 2827 3966; x_wconf 66' lang='grc' dir='ltr'>τοῦ</span> <span class='ocrx_word' id='word_1_502' title='bbox 2854 3906 3257 3979; x_wconf 46' lang='lat' dir='ltr'>nde-paveam&amp;</span> 
     </span>
     <span class='ocr_line' id='line_1_92' title="bbox 2003 3982 3261 4059; baseline -0.006 -14"><span class='ocrx_word' id='word_1_503' title='bbox 2003 3982 2232 4045; x_wconf 71' lang='lat' dir='ltr'>cauisani</span> <span class='ocrx_word' id='word_1_504' title='bbox 2261 4008 2377 4046; x_wconf 90' lang='lat' dir='ltr'>non</span> <span class='ocrx_word' id='word_1_505' title='bbox 2414 3989 2628 4046; x_wconf 88' lang='lat' dir='ltr'>triviam</span> <span class='ocrx_word' id='word_1_506' title='bbox 2658 4028 2679 4058; x_wconf 91' lang='lat'>,</span> <span class='ocrx_word' id='word_1_507' title='bbox 2729 3986 2818 4044; x_wconf 90' lang='lat' dir='ltr'>sed</span> <span class='ocrx_word' id='word_1_508' title='bbox 2852 3989 3162 4044; x_wconf 74' lang='lat' dir='ltr'>triformem</span> <span class='ocrx_word' id='word_1_509' title='bbox 3187 4001 3261 4059; x_wconf 83' lang='lat' dir='ltr'>ap-</span> 
     </span>
    </p>
   </div>
   <div class='ocr_carea' id='block_1_13' title="bbox 2001 4057 3266 4215">
    <p class='ocr_par' dir='ltr' id='par_1_35' title="bbox 2001 4057 3266 4215">
     <span class='ocr_line' id='line_1_93' title="bbox 2001 4057 3266 4215; baseline -0.004 -89"><span class='ocrx_word' id='word_1_510' title='bbox 2001 4064 2195 4144; x_wconf 79' lang='lat' dir='ltr'>pellat.</span> <span class='ocrx_word' id='word_1_511' title='bbox 2262 4064 2546 4126; x_wconf 82' lang='lat' dir='ltr'>Theocriti</span> <span class='ocrx_word' id='word_1_512' title='bbox 2575 4062 2901 4126; x_wconf 79' lang='lat' dir='ltr'>scholiastes</span> <span class='ocrx_word' id='word_1_513' title='bbox 2937 4064 3101 4123; x_wconf 86' lang='lat' dir='ltr'>aliam</span> <span class='ocrx_word' id='word_1_514' title='bbox 3120 4057 3266 4215; x_wconf 47' lang='grc' dir='ltr'>ὀξεῖ</span> 
     </span>
     <span class='ocr_line' id='line_1_94' title="bbox 2074 4151 3230 4190; baseline -0.009 10"><span class='ocrx_word' id='word_1_515' title='bbox 2074 4151 2081 4166; x_wconf 53' lang='lat'>⁸</span> <span class='ocrx_word' id='word_1_516' title='bbox 3219 4159 3230 4190; x_wconf 84' lang='grc' dir='ltr'>Ι</span> 
     </span>
    </p>
   </div>
  </div>
 </body>
</html>
