3470 4568
581 134 742 248 17⁶

1690 255 1799 313 ω

585 421 592 432 ,
684 335 916 439 Isque
951 324 1168 410 adius
1211 332 1491 409 mentis
1529 320 1642 405 est
1689 373 1851 486 ὦ-

979 94 1197 230 Q
1307 121 1791 205 ENN11
1903 119 2865 200 FRAGMENTA

2922 346 3073 401 Idem
3111 345 3240 414 ibid.

688 506 732 556 *
785 497 954 590 Esse
991 509 1219 618 igitur
1254 523 1534 615 eorpus
1570 522 1843 605 tertam
1867 563 1888 596 ,
1949 523 2147 607 quae
2183 493 2526 624 adeperit
2566 493 2844 608 ipsam,
2921 510 3208 565 memibid·

649 650 681 687 a
710 634 902 702 peperit
913 636 1014 685 nel
1042 632 1235 683 dederit

588 799 978 881 glebulentum
1017 797 1298 878 quoddam
1338 795 1734 879 spissamentum
1777 812 1876 874 pu·
1957 790 2408 871 quandoquidem
2430 791 2677 870 palantes
2702 791 2787 850 illi
2810 792 3107 868 homines,
3146 798 3247 876 qui

591 880 750 937 micis
786 879 991 948 instar,
1034 882 1087 936 8(
1114 878 1260 934 intra
1292 876 1478 935 exesos
1509 873 1629 949 ejus
1666 889 1879 933 meatus
1959 870 2232 950 principio
2275 869 2506 928 humani
2544 870 2759 947 generis
2804 871 3051 932 ferarum
3092 894 3247 933 more

590 957 864 1033 ignitum,
906 954 1277 1032 Xenophanes
1316 972 1387 1012 ex
1419 954 1433 1009 i
1478 950 1677 1010 niculis
1720 968 1879 1040 coag·
1962 945 2253 1020 vivebant,
2291 965 2362 1004 eo
2393 965 2511 1003 non
2538 946 2606 1002 ad
2634 949 3245 1023 coquendoscibosres·

595 1048 904 1090 mentatum
937 1026 1042 1089 ess'e
1075 1030 1187 1102 ait,
1227 1031 1326 1106 qui
1360 1049 1428 1089 ex
1495 1027 1696 1086 umidis
1728 1046 1882 1104 expi-
1962 1041 2074 1100 que
2097 1021 2227 1080 alias
2258 1020 2599 1092 necessarias,
2638 1021 2716 1079 usi
2740 1021 2899 1096 sunt,
2941 1026 3035 1085 sed
3062 1026 3129 1086 ad
3157 1029 3249 1086 fri-

596 1109 902 1166 rationibus
930 1109 1318 1164 coacervantur
1343 1147 1365 1177 ‚
1417 1122 1513 1164 aut
1545 1103 1751 1163 nubem
1780 1098 1883 1161 effe

598 1184 929 1242 ustulantem
961 1201 980 1250 3
1040 1182 1443 1240 Anaximander
1496 1200 1562 1238 ex
1606 1177 1885 1257 purissima

597 1262 743 1339 ignis
772 1258 1059 1315 substantia
1074 1258 1318 1315 constare
1335 1257 1503 1325 dixit,
1544 1254 1885 1327 Posidonius,

599 1341 659 1393 ὃ(
675 1334 997 1413 Speusippus
1012 1332 1295 1391 caelestem
1312 1334 1501 1411 ignem
1521 1329 1886 1408 appellarunt3

603 1410 865 1469 Cleantes
894 1427 1076 1468 totum
1104 1411 1332 1490 igneum
1349 1407 1451 1468 effe
1466 1407 1740 1479 ‚duorum
1768 1407 1890 1466 sen·

614 1487 773 1548 suum
803 1487 1120 1547 testimonio
1142 1486 1522 1555 confirmavit,
1562 1485 1732 1543 tactus
1748 1483 1889 1544 scili·

591 1582 730 1637 cet,
773 1570 826 1622 δι
852 1562 1178 1632 oculorum3
1236 1567 1619 1641 Anaxagoras,
1662 1578 1723 1619 ut
1754 1558 1889 1618 alibi

610 1641 894 1701 retulimus
926 1684 947 1713 ,
1003 1642 1244 1717 ignitum
1275 1639 1510 1717 lapidem
1541 1638 1647 1696 effe
1673 1637 1892 1710 voluit,

610 1717 721 1775 five
747 1716 850 1786 μόδ
883 1742 965 1784 ον,
1008 1716 1118 1772 hoc
1141 1715 1223 1788 ‘est
1252 1715 1490 1773 candens
1516 1716 1746 1773 ferrum.
1823 1715 1891 1770 In

608 1811 780 1868 quem
821 1741 894 1847 ol>
935 1788 1077 1848 hanc
1119 1791 1287 1869 ipsam
1326 1792 1658 1870 opinionem
1701 1787 1892 1850 acerbe

1963 1119 2067 1180 gus
2097 1094 2752 1178 tantumexpellendum.
2790 1100 2967 1162 Unde
2996 1105 3073 1161 ait
3098 1103 3137 1162 l.
3151 1113 3205 1161 6.

2042 1177 2166 1233 Inde
2182 1176 2346 1233 cibum
2362 1195 2564 1253 coquere
2574 1216 2596 1245 ,
2611 1195 2679 1238 (9⁹
2694 1173 2935 1251 flammae
2947 1182 3143 1238 mossire
3157 1199 3244 1238 va·

2184 1265 2303 1327 pore
2446 1271 2449 1274 ·

2043 1326 2126 1384 Sol
2141 1329 2309 1460 dozuit
2319 1368 2340 1397 ,
2383 1329 2623 1405 quoniam
2650 1329 2900 1405 mitescere
2925 1334 3105 1391 multa
3118 1335 3246 1392 vide·

2049 1420 2335 1538 verberim
2361 1480 2622 1539 radiorum
2638 1525 2658 1554 ,
2680 1498 2833 1561 atque
2846 1484 2987 1558 aestu
3002 1489 3146 1548 viHa
3167 1500 3246 1564 per

2047 1639 2169 1709 1nq·,
2180 1576 2290 1690 125:
2291 1578 2458 1706 ἵξῃ.
2475 1610 2532 1689 hb·
2544 1636 2745 1692 ωιτη
2760 1677 2782 1708 ,
2798 1639 3029 1715 visamq3
3041 1644 3252 1716 priam

2047 1714 2376 1768 Commutare
2384 1712 2531 1764 novis
2544 1711 2882 1782 monstrabant
2894 1714 3255 1792 rebus,&1:gni,

2052 1788 2246 1862 Ingenia
2272 1789 2361 1861 qm*
2375 1786 2694 1860 praestabant
2707 1831 2727 1859 ‚
2760 1793 2984 1851 &corde
2996 1793 3256 1867 vigebant.

611 1867 897 1927 invehitur
926 1867 1180 1926 Socrates
1210 1867 1354 1946 apud
1387 1870 1547 1926 Xeno
1588 1869 1819 1927 hontem
1852 1867 1893 1924 l·
1976 1859 2133 1920 Idem
2159 1862 2288 1922 alibi
2308 1863 2595 1938 ¹coquendi
2624 1864 2837 1936 aetum,
2917 1868 2972 1924 ui
3008 1869 3149 1947 ignis
3177 1870 3255 1927 est

610 1970 669 2020 4.
682 1941 1224 2016 ἀπομνημονευμάτων.
1267 1948 1390 2004 Nec
1420 1962 1634 2005 tantum
1659 1944 1746 2003 his
1768 1944 1896 2003 Phi·

612 2022 975 2103 Iosophorum
1012 2022 1369 2102 opinionibus
1414 2021 1757 2114 comprobari
1801 2040 1899 2100 po·

616 2100 754 2170 test,
797 2097 944 2156 hunc
970 2099 1037 2156 de
1067 2096 1196 2157 Sole
1228 2097 1502 2177 sumptum
1532 2116 1719 2176 ignem
1735 2117 1756 2165 3
1807 2117 1899 2155 ve·

1978 1957 2081 2070 fito
2122 1941 2268 2016 rius,
2309 1937 2681 2017 pulcherrime
2711 1940 2780 2000 ad
2812 1943 2885 2028 So
2911 1963 3002 2002 em
3030 1946 3252 2004 transtu·

2022 2031 2069 2071 t„

2055 2103 2085 2150 1
2086 2018 2301 2170 ἰνξηεόιῷἱο
2315 2109 2506 2154 terram
2521 2093 2601 2150 Sol
2613 2099 2840 2174 excoquit
2857 2136 2875 2165 ,
2894 2117 2965 2162 (9⁹
2965 2100 3107 2172 facit
3121 2119 3222 2157 are.
3254 2101 3257 2104 ’

617 2174 747 2233 rum
790 2175 954 2231 etiam
994 2173 1412 2246 orbicularium,
1453 2179 1506 2233 δι
1534 2178 1899 2232 c'oncavorum
1979 2168 2049 2226 Et
2073 2171 2286 2249 Virg.l.
2309 2175 2585 2250 1.Georg.

618 2247 964 2329 speculorum
1007 2252 1343 2328 experientia
1368 2294 1388 2324 ,
1443 2271 1581 2329 quae
1620 2249 1749 2310 cum
1780 2249 1899 2309 Soli

2059 2246 2424 2306 Pulverulenta
2436 2263 2613 2328 coquat
2627 2249 3047 2329 maturissolibus
3059 2251 3224 2327 ustas.

624 2325 1002 2405 objiciuntur,
1056 2325 1193 2385 adeo
1224 2330 1282 2385 in
1309 2347 1502 2387 centro
1528 2348 1626 2406 per
1652 2326 1900 2393 reflexio·
1982 2328 2050 2385 Et
2082 2322 2420 2404 l.2.Georg.

571 2444 574 2445 ν
624 2422 756 2461 nem
790 2401 972 2460 radios
1001 2400 1146 2460 redte
1176 2404 1482 2463 incidentes
1505 2403 1809 2482 colligunt,
1840 2422 1903 2461 ut

627 2499 746 2539 non
786 2477 956 2538 modo
994 2477 1219 2537 admoto
1249 2479 1446 2538 fomite
1485 2481 1674 2558 ignem
1713 2498 1905 2537 accen-

627 2557 793 2629 dant,
833 2554 924 2616 sed
950 2555 1266 2629 interdum,
1285 2555 1324 2615 fi
1353 2556 1795 2616 vehementiores
1809 2576 1912 2614 ex·-

625 2636 872 2706 titerint,
913 2631 1189 2702 veletiam
1221 2634 1513 2711 plumbum
1531 2632 1906 2711 liquefaciant.

625 2711 738 2772 Sed
768 2709 909 2770 illud
933 2711 1181 2770 mirabile
1208 2713 1285 2770 est
1312 2754 1335 2783 ,
1390 2709 1542 2790 quod
1570 2709 1602 2769 εὶ
1629 2710 1908 2786 plerisque

630 2792 909 2859 refertur,
968 2791 1021 2845 δι
1069 2789 1103 2844 εὶ
1133 2788 1351 2847 Caleno
1395 2786 1682 2866 praecipue
1710 2828 1731 2858 ,
1787 2788 1907 2845 viro

519 2892 610 2932 ,ῃ
631 2863 878 2942 quamvis
910 2862 1167 2938 loquaci,
1218 2883 1335 2921 non
1381 2881 1563 2920 tamen
1592 2880 1653 2920 ut
1679 2861 1788 2920 fide
1825 2882 1909 2921 ca-

628 2957 771 3009 reat,
808 2939 868 2993 in
896 2936 1048 2993 ‚libro
1069 2938 1185 3013 περὶ
1220 2937 1440 3013 κράσεων
1474 2937 1540 2995 de
1567 2939 1911 2997 Archimedis

634 3010 951 3093 Syracusani
984 3011 1237 3090 specu103
1270 3014 1422 3091 quod
1454 3013 1523 3072 ea
1550 3031 1702 3081 arte,
1737 3032 1797 3072 ac
1833 3034 1910 3073 ra-

634 3088 792 3151 tione
818 3086 1158 3160 construxit,
1209 3106 1271 3148 ut
1306 3089 1585 3161 colleffis,
1639 3110 1702 3149 ac
1733 3111 1911 3169 reper-

634 3168 797 3229 cuffis
829 3168 888 3227 in
918 3163 1230 3245 oppositum
1245 3166 1406 3225 radiis
1420 3166 1669 3226 navalem
1685 3188 1913 3226 omnem

636 3245 876 3305 hostium
920 3260 1234 3334 apparatum
1279 3244 1497 3303 eminus
1546 3242 1914 3304 combusserit.

635 3324 765 3381 Nec
797 3317 1043 3379 modbm
1074 3319 1394 3393 hujusmodi
1426 3320 1692 3400 speculis,
1729 3322 1819 3381 sed
1836 3339 1916 3380 et·

639 3400 746 3456 iam
782 3399 840 3454 in
867 3396 1055 3454 vitreis
1085 3395 1384 3473 sphaerulis
1401 3416 1539 3476 aqua
1569 3396 1749 3476 plenis
1773 3399 1918 3478 ignis

638 3469 903 3532 facillime
931 3473 1157 3531 accendi
1181 3472 1532 3553 conspicitur.
1572 3474 1799 3553 Qibus
1830 3475 1918 3533 ad·

634 3550 784 3609 ducti
817 3548 1075 3627 periculis
1099 3592 1118 3619 ‚
1185 3569 1247 3607 ac
1286 3551 1589 3611 rationibus
1631 3548 1793 3628 prisci
1833 3552 1920 3609 illi

640 3628 904 3707 sapientes
939 3626 1312 3686 existimarunt
1338 3666 1356 3690 ‚
1414 3628 1723 3687 terrestrem
1768 3627 1917 3687 hunc

644 3707 835 3784 ignem
878 3720 1005 3766 cum
1048 3701 1263 3763 caelesti
1313 3707 1644 3783 cognatione
1684 3704 1919 3789 quadam

653 3780 759 3839 effe
790 3778 1125 3856 copulatum.
1167 3784 1235 3838 Et
1263 3780 1471 3840 idcirco
1499 3780 1802 3859 Appulejus
1817 3780 1922 3840 1.2.

643 3857 714 3919 de
749 3854 894 3913 Asm.
919 3856 1106 3933 ignem
1137 3854 1296 3914 illum
1326 3858 1492 3933 hujus
1525 3876 1806 3935 parentem
1830 3878 1921 3935 ap·

639 3932 887 4012 pellavit.
912 3933 1093 4023 ‘Qin
1111 3952 1213 4015 nos
1237 3932 1271 3991 εὶ
1300 3932 1468 4005 Sole,
1486 3952 1548 3991 ut
1578 3934 1799 3992 testatur
1817 3937 1919 3991 Lu-

637 4010 836 4097 cretius
846 4051 868 4083 ‚
908 4028 1053 4088 ignis
1083 4007 1244 4088 hujus
1282 4007 1437 4071 usum
1482 4010 1662 4071 edoffl
1702 4014 1919 4089 (umus,

2063 2401 2216 2459 Mitis
2245 2405 2301 2458 in
2315 2406 2492 2478 apricis
2506 2406 2727 2481 coquitur
2742 2405 3018 2463 vindemia
3035 2407 3194 2482 saxis.
3252 2404 3259 2411 ²

1987 2477 2194 2554 Longis
2231 2481 2396 2536 etiam
2455 2478 2574 2558 post
2615 2479 2840 2538 saeculis
2885 2484 3261 2542 remotissimae

1988 2552 2250 2630 quaedam
2282 2573 2508 2631 gentes,
2547 2575 2684 2635 quae
2701 2599 2722 2628 ,
2762 2559 3037 2633 quonlam
3049 2561 3173 2619 solis
3188 2560 3260 2637 pi·

1986 2630 2163 2689 [cibus
2188 2631 2502 2691 vic'titabant
2516 2676 2535 2703 ‚
2554 2634 2894 2707 ἰχθυόφοιγοι
2923 2637 3261 2714 appellaban-

1987 2724 2112 2778 tur,
2137 2707 2339 2786 pisces,
2375 2710 2470 2767 vel
2501 2709 2654 2788 supra
2679 2708 2799 2769 saxa
2815 2709 2886 2769 ad
2910 2713 3092 2773 solem
3108 2732 3259 2791 expo·

1988 2782 2118 2855 fita,
2169 2786 2262 2844 vel
2301 2788 2360 2842 in
2402 2803 2562 2844 arena
2594 2806 2801 2846 torrere
2842 2787 3257 2849 consueverunt.

1988 2862 2059 2918 Et
2076 2861 2335 2921 mulieres
2346 2861 2698 2937 Erythrenses
2716 2863 2965 2924 Cerealia
2990 2867 3258 2926 celebran-

1992 2955 2074 2997 tes
2094 2958 2212 2996 non
2239 2936 2306 2996 ad
2335 2938 2559 3016 ignem,
2614 2940 2705 2999 sed
2729 2941 2798 3000 ad
2829 2941 3020 3001 Solem
3047 2961 3261 3003 carnem

1993 3032 2266 3147 coquere,
2305 3013 2588 3091 proditum
2614 3018 2709 3076 est.

2101 3108 2240 3158 st
2261 3107 2446 3149 scws
2466 3110 2689 3153 uenus
2713 3095 2856 3172 nst]
2897 3095 3264 3154 Trochaicum

1993 3165 2418 3226 hemistichium.
2455 3169 2656 3248 Aliqua
2668 3173 2928 3230 Varronis
2953 3172 3271 3252 exemplaria

1993 3243 2228 3314 habent,
2271 3252 2318 3298 15
2352 3264 2412 3300 ue
2436 3250 2759 3305 totusmentis
2784 3247 2868 3316 ιβ.
2905 3249 3152 3328 ScalIger
3169 3267 3267 3326 pu-

1996 3337 2076 3377 tat
2103 3339 2168 3378 ex
2210 3263 2427 3379 duobus
2468 3321 2555 3404 his
2590 3323 2952 3384 hemistichiis
2995 3328 3267 3407 integrum

1999 3395 2215 3456 versum
2245 3398 2324 3454 ita
2354 3397 2560 3458 restitui
2592 3399 2776 3479 posse,

2080 3472 2213 3545 Isteic
2225 3475 2288 3529 de
2298 3474 2403 3531 Sole
2404 3477 2633 3553 sumptus
2648 3482 2795 3553 (gnis,
2808 3479 2946 3555 isque
2961 3483 3154 3538 mentis
3167 3477 3241 3552 ιβ.

2078 3552 2215 3608 Essa
2251 3567 2469 3611 xotrun
2512 3572 2733 3613 conpos
2777 3558 3072 3635 sennam]
3133 3558 3271 3615 Idem

2000 3626 2185 3704 paullo
2218 3626 2492 3705 superius,
2506 3639 2661 3687 Terra
2676 3643 2839 3707 corpus
2855 3631 2940 3703 ιβ.
2981 3632 3271 3692 Caeterum

2003 3703 2117 3761 duo
2147 3702 2206 3761 hi
2238 3704 2420 3763 versus
2449 3708 2510 3764 in
2536 3707 2775 3780 Aldina,
2818 3711 2872 3766 &
2900 3707 3175 3768 Bafilienfi
3190 3728 3273 3766 ex-

2004 3780 2231 3859 emplari
2257 3779 2407 3839 secus
2437 3782 2735 3844 habentur:
2776 3784 2937 3842 inhis
2962 3786 3274 3865 verb,quae

2002 3857 2237 3914 Antonii
2265 3860 2590 3936 Augustini,
2632 3867 2687 3921 8(
2715 3866 2794 3920 Μ.
2815 3864 3098 3921 Vertranii
3133 3863 3275 3924 indu·

2001 3932 2125 3991 stria
2170 3935 2491 4011 prodierunt
2530 3959 2598 3995 eo
2627 3938 2855 4009 ordine,
2896 3958 3016 4015 quo
3044 3961 3156 3999 nos
3195 3959 3278 4016 po·
3352 3940 3357 3943 Α

1998 4008 2239 4085 suimus,
2278 4010 2527 4074 distinae
2554 4015 2834 4095 leguntur.
2876 4015 3134 4097 Scaliger
3164 4016 3284 4075 vero

3197 4112 3282 4153 ex·
