3470 4568
554 228 716 330 196
1042 221 1724 328 QENN11
1837 220 2797 299 FRAGMENTA

552 346 666 415 est,
702 339 963 402 tribuisse.
1028 339 1213 416 Qiod
1243 336 1280 397 fi
1311 337 1380 396 de
1408 338 1585 406 altero
1616 335 1831 396 intelle·
1908 357 2109 395 corum
2134 337 2305 396 liba..
2335 335 2533 414 colligi
2556 337 2766 415 potest,
2804 354 2961 407 non,
3001 351 3068 395 ut
3090 335 3207 395 Ett-

557 422 739 482 xisset,
780 420 892 478 alio
923 415 1091 476 modo
1121 412 1479 485 nominasset,
1500 413 1835 471 utabaltero
1917 415 2117 493 ripides
2137 456 2157 486 ,
2204 411 2362 471 finxit
2395 411 2655 472 Medeam
2686 413 2829 471 filios
2869 430 3203 484 necantem5

557 497 972 554 discerneretur.
1011 490 1187 568 quue
1213 491 1282 550 eo
1313 493 1483 568 magis
1502 490 1838 547 credendum
1920 489 2012 549 sed
2038 509 2133 548 eos
2159 489 2221 545 in
2243 486 2620 548 remotiffimas
2653 491 2908 582 regiones
2944 489 3037 547 abl

560 573 671 642 cst,
709 572 862 649 quod
888 570 1183 644 antequam
1214 568 1419 625 Cicero
1445 565 1544 624 lib.
1570 565 1840 643 13.Epist.
1922 583 2036 624 tem
2063 608 2083 638 ,
2135 584 2210 623 ne
2255 582 2521 622 novercae
2562 564 2771 624 insidiis
2814 565 3017 624 contra
3072 564 3206 624 illos

564 649 715 707 hunc
745 648 955 705 versum
987 644 1256 722 appellet,
1301 645 1409 710 ait;
1443 650 1619 718 Itaque
1643 641 1709 699 ab
1742 651 1841 696 Ho·
1926 643 2056 700 mali
2096 641 2306 718 aliquid
2332 642 2683 699 excitaretur.
2732 641 2863 716 Qui
2889 640 3024 699 edm
3053 641 3211 700 dein-

565 726 696 781 mm'
746 721 1172 796 magniloquentia
1223 720 1412 789 confite
1459 738 1538 774 me
1590 717 1661 775 ad
1713 735 1843 772 vera
1923 718 1992 776 de
2022 718 2270 796 nuspiam
2294 715 2739 794 conspicerentur
2754 758 2777 789 ,
2816 717 3097 774 increbuit
3126 716 3214 775 su·

560 811 817 875 praecepta
861 794 1166 873 Εὐριπίδου.
1246 796 1383 852 Non
1426 795 1578 851 enim
1629 808 1844 872 poterat
1924 793 2129 927 ίέἰςίο,
2183 792 2434 852 Medeam
2476 792 2606 850 illos
2634 793 2667 851 ὲ
2696 791 2881 851 medio
2925 788 3212 851 sustulisse.

572 872 672 931 nisi
713 874 874 930 illum
891 914 910 944 ,
960 871 1119 929 cu'us
1160 869 1400 949 fingulos
1425 868 1607 928 versus
1636 869 1722 945 Q.
1748 869 1843 925 Ci-
1983 886 2105 944 ujus
2134 868 2358 944 quidem
2386 867 2606 927 reiedm
2633 867 3070 940 insimularetur,
3088 888 3214 946 put·

571 968 702 1007 cero
735 948 832 1006 lib.
870 958 958 1005 16.
1044 934 1212 1026 ngula
1252 947 1470 1025 putabat
1501 945 1844 1015 testimonia,
1926 946 2084 1032 gabat
2125 943 2233 1003 sese
2260 986 2281 1015 ,
2338 962 2687 1077 nequaquam
2741 944 2845 1003 effe
2886 944 3213 1018 verifirnile,

575 1044 702 1083 cum
733 1026 963 1083 Homeri
991 1023 1266 1100 majestate
1288 1023 1560 1080 conferre.
1613 1024 1694 1078 Ex
1768 1022 1846 1077 ui·
1927 1029 2052 1080 luos
2079 1018 2253 1091 filios,
2291 1021 2391 1097 qui
2423 1020 2542 1080 nihi
2609 1021 2668 1078 in
2695 1038 2816 1079 eam
2842 1023 3216 1099 patraverint,

574 1101 679 1159 bus
710 1100 1053 1180 perspicuum
1094 1100 1170 1157 cst
1196 1141 1216 1169 ,
1270 1099 1506 1158 cundem
1533 1098 1718 1174 Euripi
1760 1116 1850 1154 cm
1928 1095 2256 1156 interfeciss‘e
2289 1118 2303 1153 ε
2359 1097 2642 1175 perjurum
2669 1096 2833 1168 vcro,
2872 1115 2936 1156 ac
2978 1097 3214 1156 infidum

577 1177 709 1235 duas
742 1176 961 1235 Medeas
989 1172 1196 1232 Graece
1222 1172 1322 1232 scri
1365 1173 1506 1244 fiffe,
1546 1173 1849 1230 &totidem
1931 1172 2228 1252 conjugem
2261 1213 2283 1244 ,
2334 1172 2368 1231 a
2395 1193 2511 1250 quo
2542 1174 2766 1250 decepta
2798 1215 2820 1244 ,
2871 1191 2934 1232 ac
2965 1174 3216 1232 destituta

578 1255 823 1312 Ennium
857 1252 1146 1309 Latinitate
1171 1248 1314 1307 dona
1359 1270 1412 1307 e.
1468 1248 1644 1324 Hujus
1683 1250 1852 1326 igitur
1934 1251 2149 1320 fuerat,
2205 1250 2527 1326 impunem,
2567 1254 2620 1307 &
2658 1248 2904 1307 inultum
2946 1250 3216 1308 dimisiffc.

581 1328 810 1386 Medeae
837 1343 1221 1404 argumentum
1246 1326 1312 1383 ab
1345 1325 1463 1415 ejus
1491 1343 1559 1382 ex
1589 1322 1855 1381 Thessalia
1937 1328 2024 1383 De
2058 1324 2249 1382 Medea
2267 1365 2288 1394 ,
2327 1343 2468 1402 quae
2496 1326 2668 1383 multa
2696 1326 2765 1384 de
2790 1325 2846 1383 se
2874 1326 3075 1384 multis
3103 1328 3219 1384 scri·

581 1403 712 1481 fuga
745 1402 1018 1479 sumptum
1045 1402 1123 1459 est
1139 1443 1160 1472 ,
1199 1401 1347 1459 unde
1375 1421 1428 1458 ct
1459 1397 1601 1459 resti:
1643 1399 1853 1457 Exsulis
1934 1401 2103 1459 bendi
2129 1399 2468 1459 occasionem
2497 1401 2774 1478 praebuit,
2830 1398 3094 1480 scripsere
3123 1406 3221 1461 Eu-

588 1497 797 1537 nomen
839 1477 1081 1536 additum
1123 1477 1220 1536 cst.
1307 1475 1458 1534 Cum
1506 1479 1655 1533 enim
1697 1474 1858 1553 Jason
1940 1476 2216 1555 phorion,
2253 1493 2423 1551 quem
2455 1479 2584 1534 citat
2613 1477 3000 1555 Aristophanes
3027 1482 3221 1536 Gram-

583 1574 751 1614 aurco
779 1554 984 1613 vellere
1013 1556 1220 1632 potitus
1252 1553 1369 1629 post
1396 1552 1631 1612 reditum
1663 1548 1693 1609 ὲ
1724 1549 1861 1609 Col·

589 1631 707 1689 chis
760 1634 820 1689 in
875 1633 1158 1688 Graeciam
1211 1629 1472 1687 Corinthi
1529 1645 1863 1699 moraretur,

587 1706 855 1764 Glaucam
909 1707 1172 1762 Creontis
1215 1705 1641 1761 Corinthiorum
1669 1706 1866 1782 *Regis

588 1780 756 1838 filiam
785 1783 842 1836 in
862 1781 1274 1837 matrimonium
1291 1821 1312 1850 ,
1356 1779 1547 1837 Medea
1568 1781 1867 1856 praesente,

590 1857 770 1914 duxit:
836 1854 990 1931 cujus
1022 1874 1128 1933 ope
1156 1870 1276 1925 tot,
1314 1872 1570 1932 tantaque
1645 1856 1869 1927 ericula,

592 1949 655 1990 ac
696 1947 938 1988 extrema
981 1933 1123 1989 vitae
1168 1930 1499 2009 superaverat
1541 1931 1594 1988 di
1623 1933 1870 1989 crimina.

594 2012 670 2067 At
691 2009 879 2067 Creon
911 2009 1143 2075 veritus,
1184 2028 1254 2065 ne
1282 2007 1474 2065 Medea
1498 2008 1554 2065 id
1578 2010 1774 2083 iniquo
1794 2008 1870 2064 fe·

597 2105 723 2143 rens
755 2087 938 2143 animo
964 2103 1141 2142 novae
1172 2101 1370 2161 nuptae
1410 2083 1616 2159 aliquid
1647 2083 1871 2160 magicis

599 2161 884 2218 moliretur
914 2159 1118 2216 artibus
1143 2201 1163 2229 ,
1218 2178 1334 2216 cam
1369 2162 1425 2216 in
1453 2157 1700 2219 exsilium
1737 2160 1869 2236 egit.

599 2237 803 2313 ωας,
856 2236 948 2291 vix
994 2237 1154 2292 unius
1196 2233 1439 2294 dieculae
1481 2232 1648 2367 spatio
1699 2235 1871 2313 impe·

597 2329 739 2369 trato
760 2352 778 2380 ‚
815 2329 1033 2367 auream
1064 2330 1323 2369 coronam
1340 2354 1360 2382 ,
1401 2331 1504 2389 pep
1535 2331 1738 2386 umque
1754 2331 1872 2388 pre·

595 2386 805 2444 ciosum
837 2385 1077 2445 Glaucae
1102 2389 1305 2457 mittit,
1344 2386 1616 2464 naphtha,
1655 2386 1781 2457 seu,
1810 2404 1871 2444 ut

600 2461 813 2520 malunt
845 2461 1014 2538 aIIqui
1044 2504 1063 2532 ,
1122 2460 1271 2521 Nessi
1303 2464 1566 2518 Centauri
1608 2463 1870 2539 sanguine

598 2537 978 2617 conspersum:
1022 2539 1172 2613 quod
1207 2535 1420 2594 simulac
1447 2536 1538 2593 illa
1566 2538 1777 2607 induit,
1809 2554 1870 2594 ut

598 2634 788 2673 verum
839 2632 997 2673 vetus
1042 2615 1182 2673 illud
1223 2612 1427 2671 dicium
1475 2608 1627 2670 fuiffe
1660 2655 1680 2683 ,
1737 2633 1866 2669 con·

596 2690 900 2750 firmaretur
947 2692 1145 2767 ἔχθρὸν
1187 2686 1364 2767 δίδωμι
1396 2688 1536 2764 δεῖμα.
1564 2730 1583 2759 ,
1642 2685 1867 2767 'repento

598 2770 743 2845 ignis
771 2768 985 2826 flamma
1016 2785 1201 2825 coorta
1231 2767 1340 2837 est,
1393 2784 1532 2843 quae
1563 2764 1727 2841 ipsam
1750 2806 1769 2835 ,
1807 2783 1870 2822 ac

599 2864 808 2918 patrem
867 2842 1130 2919 suppetias
1183 2842 1449 2899 ferentem
1477 2882 1496 2911 ,
1560 2839 1868 2899 combussit.

600 2917 750 2974 Tum
780 2918 912 2986 illa,
958 2922 1272 2985 Mermero‚
1326 2934 1386 2971 ac
1421 2916 1651 2972 Pherete
1679 2918 1872 2973 {iberis

597 2994 663 3050 ab
699 2992 888 3068 Jasone
913 2990 1165 3067 susceptis
1210 2991 1520 3047 immaniter
1562 2992 1874 3063 trucidatis,

487 3103 576 3143 312
600 3067 886 3126 volucrem
921 3067 1220 3125 draconum
1272 3084 1492 3123 currum
1520 3065 1875 3139 conscendit,

603 3142 954 3219 Athenasque
986 3141 1160 3201 versus
1183 3142 1522 3220 pervolavit,
1564 3141 1656 3199 ubi
1685 3146 1873 3222 Aegeo

602 3221 901 3279 Pandionis
965 3218 1084 3276 filio
1147 3217 1412 3296 conjugio
1461 3217 1706 3276 devinCta
1778 3221 1872 3278 est.

602 3297 739 3353 Tale
769 3296 992 3370 quidem
1034 3295 1108 3352 est
1135 3295 1480 3371 Euripideae‚
1524 3298 1575 3351 &
1600 3297 1874 3353 Ennianac

604 3372 829 3429 Medeae
869 3388 1274 3450 argumentum.
1352 3369 1515 3426 Aliud
1548 3370 1679 3428 vero
1711 3370 1874 3429 Exsu-

605 3447 675 3504 lis
709 3446 930 3504 Medeae
969 3449 1039 3503 ab
1070 3447 1296 3525 Hygino
1340 3447 1399 3502 in
1427 3445 1644 3503 Fabulis
1690 3467 1873 3504 recen·

600 3521 764 3580 setur.
823 3522 1073 3579 Aelianus
1103 3541 1282 3580 autem
1311 3523 1416 3593 ait,
1457 3521 1718 3597 quosdam
1752 3522 1874 3580 alse-

601 3619 759 3668 rere,
812 3594 1099 3673 nunquam
1144 3598 1392 3656 Medeam
1441 3597 1561 3655 suos
1592 3595 1872 3655 trucidasse

600 3675 838 3743 liberoS,
892 3673 981 3731 sed
1011 3675 1338 3731 Corinthios
1378 3694 1471 3731 eos
1510 3672 1871 3741 interfeciffe3

601 3770 838 3827 quorum
868 3748 1188 3811 suasionibus
1216 3750 1528 3826 Euripidem
1567 3748 1674 3807 hoc
1703 3750 1873 3808 modo

600 3828 839 3884 fabulam
872 3822 973 3885 effe
1000 3844 1398 3885 commentum.
1437 3827 1703 3882 Carcinus
1737 3828 1872 3884 item

601 3901 861 3960 diversam
903 3899 1023 3962 sane
1062 3904 1127 3959 ab
1167 3901 1456 3978 Euripidea
1501 3902 1781 3959 constituit
1821 3921 1872 3959 a·

597 3981 861 4039 dionem.
904 3983 1085 4051 Nam,
1119 3994 1181 4036 ut
1210 3997 1277 4037 ex
1294 3976 1598 4037 Aristotelis
1615 3977 1872 4039 Rhetori-

1943 1553 2202 1620 maticus3
2243 1553 2622 1624 Melanthius,
2662 1571 2832 1628 quem
2859 1553 3086 1612 adducit
3107 1556 3223 1611 Ari·

1945 1628 2219 1706 stophanis
2288 1630 2508 1687 Comici
2572 1628 2899 1689 scholiastes
2956 1631 3001 1685 iv
3048 1627 3229 1708 αἱρέῃ·

1950 1704 2259 1783 Neophron
2287 1706 2575 1781 Sicyonius
2606 1746 2627 1775 ,
2678 1705 2833 1782 cujus
2858 1704 3019 1763 affert
3046 1706 3228 1763 versus

1947 1779 2015 1837 uli
2058 1796 2158 1837 uot
2194 1780 2458 1838 Stobaeus
2497 1783 2556 1837 in
2584 1782 2853 1838 Sermone
2882 1807 2951 1840 πε
2986 1783 3003 1838 i
3038 1786 3225 1859 ὅργῑςς

1948 1858 2029 1913 Ειι
2072 1856 2194 1914 ulus
2221 1898 2243 1927 ,
2295 1874 2359 1914 ut
2399 1858 2456 1914 in
2485 1855 2581 1913 lib.
2610 1874 2666 1924 7.
2693 1858 2857 1917 refert
2879 1860 2949 1914 At
2992 1876 3196 1915 cnaeus
3207 1877 3231 1926 3

1950 1933 2258 1990 Cantharus
2313 1931 2698 2003 Atheniensis,
2763 1950 2823 1990 ut
2868 1935 2940 1991 ait
2992 1933 3224 2001 Suidas3

1952 2007 2243 2083 Dionysius
2269 2049 2291 2079 ,
2343 2007 2449 2066 five
2494 2012 2847 2079 Oenomaus,
2910 2015 2967 2067 δι
3007 2009 3229 2068 Strattis

1950 2085 2234 2142 Comicus.
2275 2085 2417 2142 Item
2445 2084 2751 2163 Sophocles
2763 2127 2782 2156 ,
2822 2087 2923 2160 qui
2952 2087 3015 2143 in
3049 2086 3227 2144 fabula

1950 2160 2023 2216 ‘1²1
2059 2162 2238 2228 οτόμος
2268 2161 2517 2239 inscripta
2537 2161 2785 2219 Medeam
2812 2162 3109 2220 inducebat
3122 2181 3227 2220 ma·

1950 2235 2005 2294 le
2046 2254 2129 2294 cas
2159 2234 2348 2294 herbas
2385 2237 2564 2295 aeneis
2605 2235 2834 2296 falcibus
2864 2238 3109 2296 aversam
3137 2258 3226 2297 cx-

1951 2310 2259 2383 secantem,
2313 2333 2384 2371 ne
2425 2315 2614 2385 noxii,
2667 2315 2909 2392 tetrique
2944 2316 3135 2374 odoris
3174 2315 3228 2373 vi

1950 2387 2362 2447 interficeretur.
2401 2392 2483 2447 Ex
2511 2391 2712 2447 Latinis
2743 2407 2960 2467 praeter
2989 2394 3229 2450 Ennium

1950 2463 2154 2556 scripsit
2185 2466 2482 2536 Pacuvius,
2522 2469 2767 2543 quamvis
2802 2467 3225 2525 existimentali·

1951 2540 2687 2692 235÷1s350q2⁴5152⁶²ffi2522
2715 2540 3224 2678 &iffffi‘zs'zfflssffl

1948 2707 2069 2748 tum
2108 2692 2202 2751 est.
2298 2692 2439 2750 Item
2471 2694 2688 2765 Attius,
2728 2698 2806 2752 M.
2832 2698 3047 2766 Varro,
3088 2698 3223 2754 Ovi·

1948 2768 2109 2838 dius,
2146 2768 2385 2838 Seneca,
2425 2772 2485 2825 ὃ(
2513 2768 2734 2828 Ofidius
2757 2772 3082 2848 Geta„qui
3110 2775 3223 2829 Mc·

1951 2843 2107 2901 deam
2138 2846 2498 2936 Tragoediam
2536 2864 2604 2902 ex
2640 2847 2955 2926 virgilianis
2990 2847 3222 2905 versibus

1952 2922 2321 2977 concinnavit.
2411 2922 2535 2978 Nec
2571 2919 2751 2979 solum
2799 2924 3082 3001 Tragicis,
3136 2922 3227 2982 sed

1954 2997 2121 3053 ctiam
2148 2996 2327 3075 Epicis
2353 3035 2373 3063 ‚
2428 3013 2490 3053 ut
2518 2995 2585 3054 de
2626 3016 2688 3055 ea
2726 2998 2974 3076 po'emata
3018 3001 3222 3057 conde·

1959 3088 2115 3142 rent,
2161 3071 2340 3128 ansam
2378 3070 2545 3130 dedit.
2618 3076 2765 3132 Nam
2811 3074 3063 3151 Orphei,
3104 3095 3224 3133 non

1952 3146 2104 3204 illius
2132 3147 2350 3205 Thracii
2383 3189 2402 3217 ,
2459 3148 2547 3206 sed
2579 3150 2932 3208 Crotoniatae
2971 3150 3228 3208 Pisistrati

1956 3224 2229 3279 familiaris
2260 3225 2695 3302 Argonautarum
2725 3227 2852 3283 libri
2886 3224 3109 3284 Medeae
3133 3247 3225 3306 ge·

1955 3298 2045 3354 stis
2087 3301 2211 3355 sunt
2238 3301 2445 3355 referti.
2522 3300 2675 3358 Idem
2709 3301 2906 3360 deinde
2940 3306 3224 3387 Argonau-

1957 3390 2131 3430 tarum
2164 3416 2183 3445 ,
2237 3379 2289 3430 &
2322 3375 2546 3433 Medeae
2586 3394 2969 3456 argumentum
3014 3380 3226 3457 scripse·

1954 3469 2084 3507 runt
2130 3453 2170 3506 Ε
2212 3451 2475 3509 imenides
2524 3452 2760 3510 Gnofius
2791 3495 2809 3524 ,
2866 3456 3226 3526 Herodotus,

1955 3528 2144 3603 Diony
2166 3547 2245 3584 tus
2281 3526 2561 3597 Milesius,
2602 3532 2655 3586 &
2681 3529 2869 3586 Cleon
2899 3531 3175 3600 Curieus,
3198 3532 3229 3589 i

1954 3621 2067 3678 quo
2102 3604 2340 3661 creditur
2357 3645 2375 3674 ,
2392 3602 2754 3680 Apollonium
2772 3606 3068 3665 Rhodium
3086 3609 3228 3665 suam

1954 3675 2157 3754 poesim
2196 3680 2298 3738 effe
2329 3696 2658 3737 mutuatum.
2735 3684 2777 3738 E
2802 3682 3041 3755 nostris,
3083 3683 3229 3760 quod

1953 3754 2117 3810 sciam
2134 3796 2154 3825 ,
2192 3757 2365 3813 Varro
2383 3797 2404 3827 ,
2443 3756 2702 3813 Atacinus
2724 3797 2742 3826 ,
2781 3756 2850 3813 de
2878 3776 2999 3834 quo
3030 3760 3106 3818 ait
3134 3761 3233 3818 Pa-

1952 3831 2135 3906 pinius
2161 3830 2447 3890 lib.2.Sil.

2029 3912 2094 3961 Et
2127 3910 2218 3980 qui
2240 3919 2329 3982 per
2348 3905 2484 3982 freta
2510 3908 2661 3965 duxit
2692 3915 3042 3983 Argonautas.

1952 3982 2025 4041 C.
2054 3982 2283 4056 Balbus,
2326 3986 2379 4044 &
2409 3982 2654 4043 Valerius
2680 3983 2926 4044 Flaccus.

3089 4065 3247 4123 Urt-
