3470 4568
576 270 687 376 46

692 455 900 537 Nam
940 485 972 526 a
1001 447 1160 537 vidi
1197 419 1530 562 pugnare
1565 376 1799 539 suge?
1834 439 1872 497 b
1912 434 2161 521 stolidi
2196 433 2393 517 soliti
2429 430 2619 515 sunt.
2928 496 3027 543 2„-

1691 554 1801 609 w

1019 260 1713 363 Q ENN11
1823 248 2779 331 FRAGMENTA

2927 426 3068 479 Idem
3088 426 3207 479 SnCt‘
3216 453 3236 465 -

1261 683 1606 797 Reliqua
1640 615 2202 786 denantur.

649 836 679 872 a
710 820 838 872 vide.
903 818 936 868 b
971 815 1132 868 solidi.

668 969 813 1024 Nm
854 983 982 1022 vxor
1024 978 1299 1020 nuc-inane
1340 962 1513 1035 sues]
1554 952 1874 1016 Similitudo

2039 960 2280 1027 Namque
2303 947 2459 1006 avidi
2476 960 2695 1022 pugnare
2705 944 2818 1020 sues

595 1043 630 1103 ὲ
661 1044 842 1101 suibus
887 1042 1093 1118 sumpta
1123 1082 1142 1110 ,
1192 1039 1306 1114 quit
1337 1039 1518 1112 inepta
1558 1033 1878 1168 αἱίᾜὲπιιω
1962 1029 2029 1086 In
2047 1027 2205 1086 Festo
2238 1045 2413 1105 nuper
2436 1023 2586 1082 edito
2617 1021 2848 1080 habetur
2876 1018 2967 1076 hic
3000 1016 3209 1089 versus,

596 1138 780 1199 pugna
808 1116 1155 1196 significetur.
1210 1114 1460 1191 Scaliger
1481 1129 1642 1168 emen
1747 1149 1768 1179 ,

995 1440 1654 1620 Exit

1779 1719 1885 1775 tw

603 1767 614 1774 ¹
700 1768 731 1806 ⁸
775 1736 1142 1906 Hssrc
1181 1787 1406 1872 datus
1440 1786 1551 1872 est
1584 1783 1926 1870 occasus,
1951 1784 2323 1864 Horatius
2363 1777 2675 1863 inclutu’
2709 1777 2922 1864 saltu.

674 1921 804 1968 aUt
887 1957 892 1962 .

709 2062 866 2120 Hr-:rc
912 2077 1102 2120 nnus
1155 2076 1255 2116 xrs-r
1301 2074 1553 2114 OCCAsus
1594 2054 1905 2114 Hon'rr'us

497 2097 576 2152 9⁷
609 2145 895 2200 moturu'
937 2140 1157 2212 samu]
1215 2135 1392 2191 Pauca
1421 2134 1551 2192 haec
1569 2176 1591 2204 ,
1626 2152 1791 2210 atque
1817 2132 1906 2189 ad-

489 2215 502 2220 *
615 2215 844 2275 modum
901 2214 1112 2271 concisa
1154 2211 1497 2290 fragmenta,
1549 2227 1687 2286 quae
1726 2228 1793 2266 ex
1834 2207 1908 2267 se·

618 2291 802 2353 cundo
832 2290 964 2366 ,hoc
991 2287 1193 2347 Annali
1233 2287 1444 2364 reliqua
1488 2287 1648 2358 sunt,
1701 2306 1803 2342 nos
1844 2287 1902 2343 in

617 2363 831 2428 difficul
858 2385 972 2424 ates
998 2362 1133 2422 adei>
1157 2382 1371 2442 magnas
1394 2362 1788 2440 compulerunt
1803 2404 1822 2433 ,
1841 2379 1901 2418 ut

617 2463 815 2502 verum
843 2441 971 2499 inde
1000 2441 1239 2516 aliquem
1266 2440 1466 2497 elicere
1495 2437 1706 2495 sensum
1722 2438 1900 2495 omni·

613 2541 693 2579 no
720 2515 867 2597 poffe
895 2513 1217 2575 diffidamus.
1297 2514 1400 2572 Sed
1435 2532 1620 2572 tamen
1656 2514 1895 2591 experie-

617 2616 777 2668 mur,
818 2592 856 2653 [ἰ
880 2593 1012 2671 quid
1043 2591 1264 2650 luminis
1291 2593 1446 2649 rebus
1465 2632 1483 2661 ‚
1523 2608 1633 2648 tam
1668 2589 1894 2667 profun-

619 2673 704 2733 dis
729 2673 969 2731 tenebris
1001 2668 1282 2727 obvolutis
1300 2668 1587 2742 ‚adhibete
1615 2666 1897 2744 poffimus.

620 2751 772 2808 Facit
801 2746 924 2808 sane
951 2746 1165 2805 Horatii
1189 2764 1394 2802 nomen
1423 2788 1442 2816 ,
1499 2743 1649 2821 quod
1694 2744 1751 2799 in
1790 2742 1898 2800 hoe

622 2825 777 2883 versu
809 2822 1041 2903 pofitum
1073 2823 1181 2892 est,
1221 2839 1281 2878 ut
1314 2820 1639 2899 suspicemur
1668 2818 1774 2876 hoc
1805 2839 1899 2875 vo·

621 2900 837 2958 lumine
870 2898 1096 2956 poetam
1173 2895 1385 2972 rosequi
1419 2897 1631 2953 Horatii
1662 2893 1899 2953 Coclitis

623 2995 707 3032 res
739 2975 944 3053 gestas,
985 2975 1081 3049 qui
1110 2917 1257 3028 [glus
1281 2974 1340 3028 in
1357 2971 1604 3028 Sublicio
1620 2988 1793 3049 ponte
1813 2989 1899 3028 ve-

623 3050 943 3108 hementem
972 3046 1321 3106 Etruscorum
1349 3049 1601 3104 omnium
1628 3049 1900 3124 impetum

508 3149 582 3219 93
625 3124 960 3203 compreffit.
1002 3127 1073 3181 At
1106 3124 1367 3200 quoniam
1399 3122 1650 3180 historiae
1682 3141 1900 3200 tempus

627 3223 743 3261 non
769 3201 1024 3293 congruit
1042 3242 1061 3271 ,
1101 3197 1229 3257 crim
1259 3198 1427 3276 usque
1456 3201 1520 3257 ad
1542 3204 1611 3257 V.
1630 3200 1902 3256 Annalem

626 3278 812 3358 aperte
856 3278 1063 3354 liqueat
1107 3277 1347 3333 Ennium
1380 3278 1757 3333 Romanorum
1799 3278 1901 3333 Re·

630 3377 764 3435 gum
793 3374 873 3413 res
898 3354 1064 3432 gestas
1098 3353 1469 3410 monumentis
1507 3350 1807 3421 tradidilse,
1850 3356 1901 3407 &

626 3430 815 3489 nobile
847 3430 991 3486 illud
1024 3428 1259 3486 Coclitis
1304 3431 1510 3486 facinus
1541 3426 1657 3505 post
1686 3427 1905 3484 exafios

624 3510 812 3584 Reges
837 3504 1127 3575 acciderit,
1169 3510 1220 3561 &
1255 3504 1287 3562 εὶ
1312 3505 1467 3562 Festo
1497 3504 1586 3561 hic
1620 3501 1797 3560 versus
1816 3524 1906 3561 ex-

629 3582 784 3641 tentu
818 3582 1060 3638 distione
1102 3600 1170 3637 ex
1210 3580 1447 3638 secundo
1480 3578 1679 3638 Annali
1713 3578 1905 3636 refera-

631 3677 757 3729 tur,
798 3657 866 3714 de
891 3655 1061 3714 altero
1087 3658 1315 3713 Horatio
1334 3659 1547 3713 videtur
1573 3657 1673 3712 effe
1704 3655 1905 3713 intelli-

631 3735 874 3814 gendum
909 3753 921 3787 :
982 3733 1115 3810 qui,
1153 3750 1214 3789 ut
1258 3730 1437 3791 scribit
1477 3734 1660 3789 Livius
1691 3730 1730 3788 l.
1764 3750 1808 3790 1.
1853 3737 1903 3789 8(

633 3810 954 3888 comprobat
971 3810 1224 3866 Aristides
1246 3807 1485 3866 Milesius
1508 3811 1564 3864 in
1582 3811 1785 3865 Rerum
1804 3809 1906 3866 Ita-

630 3887 859 3944 licarum
906 3885 1101 3953 libris,
1175 3884 1314 3942 solus
1354 3885 1626 3943 Curiatios
1669 3883 1904 3942 duorum

629 3962 795 4041 ipsius
835 3964 1060 4019 fratrum
1105 3962 1476 4020 interfectores
1525 3960 1779 4037 prudenti
1818 3962 1907 4019 ad·

634 4040 860 4097 modum
877 4037 1098 4095 consilio
1112 4040 1414 4114 prostravit.
1457 4039 1602 4094 Nam
1617 4034 1745 4094 cum
1768 4057 1909 4095 unus

623 4116 803 4175 tribus
833 4114 992 4175 fimnl
1026 4114 1476 4175 contrastantibus
1516 4130 1612 4191 par
1654 4111 1756 4172 ess‘e
1794 4134 1910 4173 non

2042 1114 2185 1165 ΝΜ
2197 1106 2546 1178 videpugnare
2559 1104 2671 1176 sues
2685 1097 2858 1172 stolidi
2874 1094 3033 1172 Jblidi
3044 1103 3197 1170 sant.

1842 1401 2889 1566 ANNALL

2948 1775 3075 1828 Fest-
3109 1784 3252 1827 Ocu·

2938 1846 3041 1907 sus.

1986 2054 2189 2136 posset,
2226 2071 2433 2131 eosque
2456 2054 2778 2113 vulneribus
2812 2054 3017 2117 fiiucios
3047 2055 3190 2115 cons
3221 2057 3261 2115 i·

1987 2151 2173 2202 teret,
2213 2131 2399 2210 fugam
2415 2128 2716 2203 simulavit,
2757 2150 2904 2191 ratus
2920 2155 3117 2193 omnes
3135 2134 3173 2192 il
3197 2154 3261 2192 os

1987 2229 2104 2267 non
2143 2207 2289 2286 poffe
2327 2205 2484 2264 simul
2522 2206 2700 2265 multo
2728 2208 2848 2265 fuso
2876 2209 3141 2291 sanguine
3179 2230 3263 2268 ae·

1985 2288 2108 2363 quis
2137 2282 2369 2362 passibus
2414 2282 2671 2361 insequi:
2769 2305 2896 2344 uate
2938 2290 2998 2345 in
3027 2308 3123 2347 eos
3162 2308 3262 2366 per

1979 2361 2274 2420 intervalla
2303 2358 2593 2438 sequentes
2618 2306 2900 2439 prosiliens
2915 2365 3123 2435 ,aliurn
3143 2365 3265 2442 post

1980 2440 2145 2497 elium
2173 2437 2468 2495 interfecit.
2512 2440 2579 2497 In
2594 2437 2751 2496 Festo
2777 2434 2959 2498 autem
2986 2439 3079 2499 hic
3098 2441 3264 2500 Ennii

1979 2513 2135 2572 locus
2176 2513 2403 2571 habetur
2419 2557 2440 2585 ,

2054 2591 2155 2648 Hic
2184 2592 2370 2721 oczsus
2398 2594 2549 2645 datus
2577 2593 2654 2646 eft
2663 2632 2684 2662 ,
2720 2606 2777 2647 at
2796 2593 3038 2649 Horatii-u
3054 2594 3264 2652 inclitus

2198 2675 2237 2739 J
2286 2684 2362 2723 tu.

1981 2744 2097 2802 Ubi
2126 2744 2436 2822 perturbata
2463 2743 2754 2800 verborum
2789 2741 2950 2802 series
2978 2742 3120 2805 adeo
3160 2743 3263 2824 syl-

1983 2819 2227 2878 labarum
2262 2817 2513 2877 modulos
2554 2819 2882 2892 confundit,
2923 2838 2985 2877 ut
3014 2822 3111 2880 vix
3150 2841 3262 2882 car-

1984 2917 2110 2954 men
2141 2894 2243 2954 else
2271 2894 2637 2974 dignoscatur.
2680 2894 2918 2987 Qtapro
2959 2915 3043 2955 ter
3062 2899 3263 2957 iisdem

1978 2973 2309 3030 difflonibus
2349 2971 2494 3029 rech}
2535 2969 2797 3048 dispofitis
2825 3015 2846 3044 ,
2924 2971 3107 3033 ublatit
3149 2993 3265 3034 tan·

1981 3047 2100 3107 turn
2129 3046 2395 3127 particuli
2422 3061 2478 3107 at
2495 3090 2516 3119 ,
2566 3046 2782 3106 videtur
2809 3049 2933 3108 suae
2958 3052 3265 3130 integritati

1980 3125 2306 3183 restitutum.
2346 3126 2414 3181 In
2438 3123 2635 3182 eodem
2652 3124 2806 3183 versu
2833 3130 3017 3202 occasus
3090 3147 3155 3186 ro
3182 3150 3263 3186 oc-

1982 3199 2137 3277 casto,
2157 3203 2531 3278 Antiquorum
2560 3221 2715 3258 more
2742 3200 2979 3280 politum
3008 3223 3038 3260 e
3100 3224 3119 3272 3
3162 3207 3262 3283 qui

1983 3278 2042 3334 in
2073 3275 2391 3355 hujusmodi
2418 3276 2723 3335 distionum
2759 3278 2952 3337 formis
2979 3280 3039 3337 in
3070 3300 3163 3352 us,
3201 3284 3262 3340 δε

1982 3356 2065 3423 io,
2105 3354 2471 3412 definenthus
2516 3351 2688 3412 libere
2722 3356 2925 3413 variare
2966 3356 3265 3417 consueve-

1986 3447 2144 3487 runt:
2188 3449 2248 3488 ut
2278 3430 2420 3509 apud
2453 3432 2808 3504 Lucretium,
2846 3431 3121 3506 conjectus,
3162 3452 3264 3512 pro

1987 3507 2210 3579 conjectio
2226 3550 2245 3578 ,
2303 3512 2357 3565 &
2390 3507 2759 3578 Ciceronem,
2812 3512 3071 3584 apparatio
3102 3515 3157 3569 8<
3185 3515 3262 3568 in·

1988 3586 2152 3641 teririo
2168 3625 2188 3654 ,
2230 3603 2329 3661 pro
2358 3596 2623 3659 appaeatus
2639 3625 2660 3654 ,
2701 3586 2760 3640 δι
2781 3587 3036 3643 interitus.

2066 3660 2352 3718 Inetuw'
2394 3663 2618 3736 εΑιτυ]
2669 3661 2764 3718 Ob
2787 3658 3025 3719 celerem
3057 3660 3264 3721 simula-

1987 3753 2099 3793 tam
2118 3735 2302 3815 fugam
2323 3778 2340 3806 ,
2380 3734 2417 3793 fi
2433 3735 2498 3794 ad
2518 3734 2665 3793 hunc
2684 3738 2973 3794 Horatium
2994 3736 3266 3815 respicies,

1989 3810 2063 3869 fin
2100 3811 2164 3869 ad
2202 3812 2516 3883 Coclitem,
2573 3812 2644 3869 ob
2674 3810 2866 3871 saltum
2892 3816 2951 3871 in
2980 3816 3260 3882 Tiberim3

1987 3888 2143 3962 cujus
2170 3886 2441 3946 historiam
2487 3890 2629 3946 inter
2666 3888 2804 3946 alios
2837 3888 3169 3948 Theotimus
3206 3893 3264 3948 in

1989 3967 2064 4021 11.
2082 3968 2286 4023 Rerum
2301 3965 2602 4023 Italicarum
2619 3964 2981 4043 prosequutus
2998 3967 3075 4024 est
3093 3989 3108 4023 :
3127 3987 3268 4025 eam-

1993 4059 2104 4117 que
2128 4040 2221 4097 sub
2252 4044 2428 4102 Turni
2450 4040 2676 4121 persona
2691 4041 2955 4122 Virgilius
2986 4042 3270 4104 adumbra-

1995 4119 2073 4174 vit
2108 4115 2148 4174 l.
2165 4139 2220 4189 9.

3139 4204 3270 4256 Tum
