3470 4568
560 160 661 243 28

1662 288 1771 346 ruo

665 353 708 393 ⁴
764 354 895 439 Ille
931 353 1110 439 suos
1130 361 1441 475 Deiyeis
1481 380 1654 438 mos
1681 351 2079 439 sacrificare
2115 355 2438 469 puellos.

555 565 773 644 inquit,
798 566 1050 639 fiminin'e
1075 582 1332 628 armemus
1357 569 1495 646 apud
1509 572 1737 628 Ennium
1755 585 1840 649 po·

536 644 725 723 fitam.

628 722 766 778 Ιιιι
812 739 947 779 suos
1001 736 1232 780 unveis
1286 738 1401 779 mos
1456 735 1839 780 sacnxrxcana

555 814 807 855 vuantos
908 798 1015 856 Hic
1052 797 1234 857 versus
1272 795 1383 856 fine
1429 796 1539 855 loci
1582 799 1765 856 indice
1807 799 1841 857 a

557 874 755 931 Nonio
781 893 810 931 a
853 873 1099 941 ducitur:
1158 873 1250 933 sed
1291 874 1492 933 idoneo
1520 871 1627 932 hoc
1669 872 1841 945 loco,

558 950 623 1007 δι
652 953 985 1030 congruenti
1011 950 1220 1030 positus
1249 951 1345 1008 est.
1387 950 1661 1009 HaRenus
1688 951 1840 1009 enim

555 1025 775 1085 videtur
813 1027 977 1105 poeta
1020 1029 1089 1087 de
1131 1027 1382 1087 Herculis
1431 1026 1589 1085 sacris
1644 1025 1843 1105 loqui,

558 1106 657 1179 qui
672 1105 934 1182 Geryone
963 1106 1298 1185 interempto
1325 1104 1453 1163 cum
1488 1124 1555 1162 ex
1587 1104 1844 1182 Hispania

558 1181 738 1236 victor
766 1181 825 1239 in
859 1180 1111 1252 Italiam,
1151 1200 1293 1256 quae
1321 1199 1456 1239 tunc
1475 1181 1724 1239 Saturnia
1752 1198 1842 1258 ap·

558 1255 904 1332 pellabatur,
945 1257 1311 1333 perveniffet,
1360 1257 1630 1315 nefarium
1657 1256 1843 1315 abole-

559 1333 642 1388 vit
689 1333 856 1390 ritum
901 1331 1137 1390 humana
1181 1330 1352 1390 hostia
1394 1334 1690 1391 Saturnum
1729 1332 1844 1411 pla·

557 1407 738 1466 candi.
796 1412 978 1480 Nam,
1021 1408 1200 1469 erectz'i
1229 1409 1323 1467 ara
1353 1409 1413 1465 in
1445 1410 1705 1468 Saturnio
1729 1409 1843 1467 col·

557 1484 611 1543 le
630 1526 649 1556 ,
685 1484 748 1543 in
775 1504 837 1544 ca
866 1486 1021 1564 puris
1054 1486 1272 1566 ignibus
1299 1485 1504 1544 hostias
1534 1485 1740 1544 adoleri
1763 1487 1845 1543 in·

556 1563 735 1621 stituit
765 1585 779 1619 :
834 1567 887 1621 &
916 1580 978 1620 ut
1004 1582 1107 1642 pro
1136 1564 1276 1621 veris
1308 1561 1661 1635 hominibus,
1699 1581 1843 1639 quos

554 1639 738 1731 ligatis
783 1641 1032 1698 manibus
1064 1639 1094 1700 ὲ
1123 1658 1297 1718 ponte
1340 1640 1543 1698 Milvio
1582 1641 1643 1696 in
1678 1640 1844 1697 Tibe·

560 1736 668 1772 rim
700 1715 1093 1788 deturbabant,
1136 1714 1334 1774 effictas
1363 1735 1431 1773 ex
1449 1716 1623 1793 scirpo
1653 1716 1862 1795 imagi-.

560 1810 659 1848 nes
700 1790 1052 1867 projicerent.
1131 1789 1310 1867 Quod
1353 1793 1411 1848 in
1451 1794 1520 1848 V.
1563 1792 1843 1850 Fastorum

560 1866 859 1944 explicavit
885 1866 1139 1926 Ovidius.
1178 1867 1464 1925 Traditum
1495 1868 1719 1944 quidem
1746 1869 1862 1940 est,

562 1943 825 2001 immania
850 1941 1172 2015 hujusmodi
1204 1945 1263 2001 in
1294 1945 1450 2001 Latio
1474 1943 1615 2003 sacra
1647 1965 1713 2003 ex
1728 1947 1845 2002 Do-

562 2019 760 2078 donaei
779 2025 820 2077 A
865 2018 1057 2077 ollinis
1085 2017 1178 2078 res
1205 2020 1340 2079 onso
1367 2019 1602 2099 Pelasgis
1628 2021 1845 2079 reddito

562 2099 786 2155 initium
869 2094 1085 2155 abuiffe.
1142 2040 1269 2174 (Sui
1310 2097 1439 2155 cum
1486 2096 1583 2153 lon
1625 2117 1687 2154 os
1727 2096 1844 2177 post

565 2193 779 2233 errores
804 2174 865 2230 in
896 2173 1110 2231 ltaliam
1139 2172 1357 2231 tandem
1386 2173 1574 2265 appuli
1621 2190 1749 2243 ent,
1768 2176 1844 2231 vi·

566 2250 737 2327 soque
769 2247 940 2344 prope
970 2251 1084 2308 Cot
1122 2248 1232 2308 lam
1267 2250 1631 2330 Aboriginum
1650 2249 1843 2309 urbem

563 2327 688 2387 lacu
706 2370 726 2398 ,
766 2347 826 2384 m
856 2346 971 2404 quo
1000 2347 1094 2384 mo
1132 2326 1218 2384 ilis
1257 2325 1431 2384 insula
1457 2331 1611 2404 aquis
1642 2327 1845 2385 fereba-

565 2422 694 2476 tur,
737 2406 814 2461 rei
846 2404 1149 2462 novitatem
1181 2402 1597 2474 admirarentur,
1637 2404 1844 2462 oraculi

567 2500 847 2540 memores
879 2479 1081 2559 longae
1089 2481 1568 2614 speregrinationis
1598 2478 1765 2538 finem
1793 2478 1845 2539 se

565 2558 755 2617 uastos
781 2556 921 2627 effe,
961 2557 1062 2614 rati
1111 2573 1231 2616 unt.
1302 2558 1451 2614 Nam
1482 2557 1630 2615 illius
1662 2558 1846 2615 vatici-

569 2637 668 2692 nio
703 2633 974 2692 admoniti
1023 2634 1271 2705 fuerant,
1323 2651 1386 2690 ut
1429 2633 1488 2691 in
1531 2633 1846 2692 Siculorum

567 2713 822 2773 Saturnia
853 2727 995 2768 terra
1013 2711 1378 2789 Aboriginum
1397 2708 1658 2787 Cotylam
1688 2729 1847 2787 quae·

567 2805 754 2847 retent
783 2830 802 2858 ,
845 2788 949 2851 ,ubi
977 2786 1145 2844 insula
1177 2787 1432 2844 vehitur:
1485 2807 1612 2846 cum
1650 2788 1852 2863 quibus

571 2864 732 2921 fimul
758 2864 998 2941 permisti
1017 2863 1246 2921 Phoebo
1276 2862 1511 2921 decimas
1545 2865 1853 2933 mitterent,

572 2943 634 2997 ἀ
664 2943 788 3017 jovi
834 2940 1007 3013 capita
1034 2979 1052 3007 ,
1104 2944 1161 2993 ὅ(
1193 2938 1374 2995 virum
1406 2939 1662 2996 Saturno.
1744 2938 1853 2997 Sed

572 3014 703 3075 cum
742 3012 907 3071 Pelas
936 3015 953 3071 i
1000 3013 1326 3092 Aborigines
1366 3013 1616 3072 vidiss‘ent
1652 3033 1854 3093 magno

573 3092 817 3150 exercitu
867 3111 904 3147 o
949 3091 1086 3147 viam
1141 3090 1473 3167 prodeuntes
1497 3133 1517 3162 ,
1579 3092 1815 3149 inermes
1832 3133 1852 3162 ,

570 3167 955 3246 supplicesque
980 3184 1310 3245 rogaverunt
1329 3207 1348 3237 ,
1413 3185 1472 3227 ur,
1500 3186 1595 3226 eos
1627 3172 1686 3225 in
1714 3171 1852 3225 ami-

573 3247 763 3304 citiam
793 3247 1136 3322 reciperent,
1181 3242 1392 3319 solique
1421 3262 1627 3322 partem
1650 3263 1850 3303 conce-

574 3322 790 3381 derent.
833 3320 1011 3397 Quod
1043 3318 1172 3380 cum
1197 3320 1263 3377 ab
1294 3321 1407 3378 illis
1445 3321 1856 3396 perhumaniter

575 3395 943 3476 impetrassent
982 3440 1001 3469 ,
1069 3396 1280 3454 oraculi
1329 3399 1558 3455 monitis
1606 3416 1855 3476 parentes

574 3475 811 3533 humana
840 3474 1060 3531 viftima
1073 3475 1310 3532 Saturno
1340 3473 1629 3533 sacrificare
1659 3493 1855 3552 coepe·

575 3570 727 3610 runt.
803 3553 997 3626 quue
1037 3568 1191 3607 more
1219 3566 1346 3607 ante
1379 3549 1632 3609 Herculis
1655 3550 1856 3608 adven·

575 3646 699 3686 tum
729 3644 845 3684 tota
871 3646 935 3684 ea
965 3626 1120 3703 regio
1133 3626 1404 3684 utebatur.
1446 3625 1674 3685 Oraculi
1693 3628 1858 3687 verba

576 3704 684 3763 hoc
718 3703 888 3762 modo
934 3703 1075 3781 apud
1108 3702 1435 3780 Dionysium
1465 3703 1507 3761 l.
1541 3723 1590 3761 1.
1648 3707 1856 3762 Macro·

460 3791 529 3851 73
574 3784 730 3840 bium
747 3780 786 3838 l.
806 3799 858 3840 1.
877 3780 1053 3839 Satur.
1075 3798 1126 3837 c.
1144 3800 1201 3850 7.
1240 3784 1293 3839 &
1308 3781 1648 3860 Stephanum
1665 3779 1731 3838 de
1748 3785 1855 3839 Ur-

579 3859 739 3916 bibus
769 3857 1038 3914 babentur
1055 3875 1075 3923 3

598 3993 603 4002 ,
657 3933 912 4016 Στνίχςτε
961 3934 1225 4003 μιαινόμενοι
1274 3937 1502 3994 zinza&
1553 3934 1859 4013 Σατουρνίαν

808 4033 962 4082 mar,

1020 160 1136 267 Q
1246 163 1721 239 EuN11
1838 158 2793 239 FRAGMENTA

3179 94 3204 104 a·

2906 286 3049 340 Idem
3066 291 3195 340 Pae!-

2908 354 2988 403 Ιη.
3009 357 3059 404 δι
3074 353 3196 406 Fest.

2908 420 3078 478 ructu.

2002 565 2119 624 H'd'
2135 563 2493 643 Α’ςρριγννῖων
2509 563 2736 629 Κοτύλην
2749 556 2788 629 ὖ
2806 568 2956 630 ναῖε-ος
2974 564 3206 635 ὅχνῖται,

2003 637 2098 710 Οἷς
2118 643 2491 717 ἀναμιχθέντες
2508 640 2721 707 δεκάτην
2742 638 3066 713 ἔνιπέμψατε
3089 639 3205 696 Φοί-

2196 745 2236 775 ω

2007 794 2114 855 Kal
2150 730 2392 865 §scitzch
2410 791 2626 874 Κςονῖδῃ
2645 835 2667 867 ,
2684 792 2775 853 xa}
2795 794 2871 867 ‘tq-‘s'
2888 792 3058 870 πωτςὶ
3079 790 3211 866 πίμ-

2152 896 2280 930 arnt
2309 876 2488 943 φῦται.

1924 947 2265 1014 Postremum
2308 949 2457 1006 hunc
2491 948 2696 1005 oraculi
2726 945 2944 1004 versum
2989 942 3212 1003 adducit

1922 1026 2235 1085 Laetantius
2252 1027 2309 1083 in
2329 1026 2427 1084 lib.
2444 1027 2488 1081 1.
2504 1026 2697 1083 Divin.
2719 1024 2950 1083 institut.
2966 1022 3062 1080 ubi
3082 1025 3212 1080 Var-

1923 1105 2076 1161 ronis
2105 1103 2424 1160 austoritate
2455 1101 2810 1181 comprobat,
2863 1099 3015 1159 hunc
3044 1100 3213 1157 ritum

1923 1198 1995 1238 ex
2021 1179 2231 1237 oraculi
2260 1177 2517 1257 responso
2544 1179 2821 1259 originem
2854 1175 3086 1234 duxisse.
3138 1178 3204 1233 ln

1922 1256 2194 1314 Macrobii
2235 1255 2639 1334 exemplaribus
2682 1274 2783 1333 pro
2820 1252 3031 1330 Κρονίδῃ
3077 1251 3214 1331 legi·

1921 1348 2010 1391 tur
2042 1331 2179 1408 Αῒδῃ
2197 1369 2218 1397 ,
2257 1351 2423 1410 quam
2452 1332 2748 1390 lectionem
2763 1332 3013 1405 sequitur
3036 1331 3215 1386 Arno·

1920 1410 2076 1478 bius3
2118 1410 2564 1487 quiexprobrans
2594 1408 2636 1466 l.
2655 1428 2708 1465 2.
2735 1406 2920 1464 falsam
2937 1407 3215 1464 Gentium

1923 1486 2251 1564 religionem
2266 1486 2373 1557 ,ait
2385 1527 2405 1557 ‚
2448 1485 2593 1543 Ant?
2614 1484 2899 1541 adventum
2926 1487 2984 1538 in
3003 1482 3216 1540 Italum

1925 1562 2152 1620 Herculis
2167 1605 2189 1635 ,
2230 1583 2342 1619 cum
2370 1582 2430 1620 ex
2449 1561 2692 1635 Apollinis
2722 1562 2922 1618 monitu
2948 1563 3104 1617 Patri
3121 1563 3216 1616 Di-

1925 1639 1973 1695 ti
1984 1681 2004 1710 ,
2042 1658 2104 1696 ac
2135 1648 2348 1697 Saturno
2380 1638 2615 1694 humanis
2645 1636 2884 1712 cqitibus
2916 1636 3212 1712 supplicare-

1925 1730 2042 1772 tur.-
2085 1735 2154 1778 <9-
2185 1714 2319 1773 hunc
2345 1713 2590 1791 similiter
2616 1733 2806 1774 morem
2825 1754 2842 1783 ‚
2898 1731 2999 1768 non
3026 1711 3217 1788 fiuntdc

1926 1790 2163 1850 callidula
2176 1833 2198 1863 ,
2237 1811 2306 1854 (9·
2320 1795 2583 1849 nominum
2604 1791 2744 1847 ambi
2772 1792 2930 1847 nitate
2946 1789 3214 1859 mutastis!

1927 1868 2200 1947 Ambigua
2228 1870 2378 1926 enim
2407 1866 2631 1927 ultimae
2659 1865 2715 1924 di
2773 1868 2918 1923 ionis
2949 1864 3207 1944 fignifica-

1928 1945 2008 2002 tio
2033 1944 2315 2003 oraculum
2358 1944 2594 2003 reddidit
2639 1943 2976 2022 ambiguum.
3049 1944 3201 2007 Nam

1925 2026 2037 2091 φῦς
2070 2022 2258 2082 lumen
2276 2063 2296 2093 ,
2337 2022 2588 2081 &virum
2613 2018 2894 2098 fignificat.
2933 2021 3051 2075 Cur
3067 2016 3203 2077 verb

1927 2116 2225 2176 utrumque
2252 2099 2385 2157 hacc
2415 2094 2632 2155 distiofi
2675 2095 2859 2154 nificet
2876 2138 2897 2168 ,
2930 2096 3206 2153 rationem

1927 2174 2166 2253 explicat
2197 2172 2521 2235 Plutarchus
2550 2175 2608 2229 in
2634 2117 2837 2230 libello
2857 2214 2873 2241 ‚
2925 2172 3023 2247 qui
3055 2171 3209 2229 Ani-9⁸
3288 2243 3293 2249 μ

1925 2253 2122 2322 ,aaaron
2157 2251 2509 2311 inscribitur:
2563 2247 2716 2327 quod
2743 2247 2950 2307 scilicet
2989 2247 3211 2309 homini

1926 2328 2188 2387 naturalis
2241 2326 2612 2408 cognoscendi
2666 2327 2870 2404 cupido
2915 2324 3072 2383 inlita
3114 2324 3212 2394 fir3

1928 2405 2157 2483 e'usque
2197 2407 2405 2463 animae
2445 2403 2791 2462 substantiam
2835 2401 3031 2460 lumen
3073 2399 3214 2474 effe,

1927 2424 2102 2559 aliqui
2136 2502 2204 2540 ex
2231 2483 2472 2560 antiquis
2496 2477 2838 2558 philosophis
2876 2479 3087 2536 fuerint
3132 2498 3215 2538 ar·

1927 2559 2133 2617 bitrati.
2189 2561 2276 2618 De
2305 2558 2414 2617 hoc
2445 2555 2578 2615 verb
2610 2553 2938 2614 sacrificandi
2968 2557 3078 2613 ritu
3105 2558 3213 2614 En·

1928 2637 2086 2693 nium
2115 2629 2436 2693 intellexisse
2453 2675 2473 2705 ,
2514 2654 2630 2692 non
2661 2633 2736 2691 est
2769 2632 3094 2691 verendum.
3146 2634 3214 2691 In

1929 2711 2069 2770 Festi
2101 2710 2499 2790 exemplaribus
2524 2713 2582 2768 in
2602 2711 2774 2784 puellis
2797 2707 2943 2767 idem
2966 2751 2986 2780 ,
3027 2712 3087 2765 ni
3114 2709 3214 2768 fal-

1931 2788 2055 2859 lor,
2096 2788 2277 2847 versus
2299 2786 2577 2866 ficlegitur
2591 2786 2700 2845 fine
2726 2787 2886 2844 metri
2915 2785 3211 2858 struftura,

2007 2867 2158 2922 Poeni
2172 2865 2311 2938 soliti
2333 2865 2442 2936 ficos
2453 2862 2733 2939 sscrr'ficaere
2753 2863 2952 2939 puellos.

1936 2941 2130 3019 Qem
2164 2940 2242 2998 ira
2269 2940 2600 2998 restituimus
2617 2982 2638 3008 ,
3051 2999 3055 3004 ,

2008 3027 2071 3074 Ut
2102 3020 2252 3074 Poeni
2269 3017 2411 3092 sbliti
2431 3018 2508 3090 fin
2527 3014 2808 3091 sacrificare
2829 3016 3026 3083 prauos.

1938 3093 2064 3171 Qui
2098 3091 2276 3151 versus
2293 3093 2543 3170 quamvis
2574 3093 2752 3150 verbis
2777 3091 3123 3170 aliquantum
3147 3091 3218 3150 ab

1935 3168 2076 3242 illo,
2127 3188 2295 3247 quem
2341 3165 2498 3247 supra
2541 3188 2609 3227 ex
2652 3170 2847 3227 Nonio
2894 3167 3212 3240 retulimus,

1936 3245 2242 3323 discrepet3
2299 3245 2567 3304 sententia
2604 3263 2792 3304 tamen
2832 3244 2973 3303 nihil
3012 3244 3216 3302 differt.

1937 3321 2236 3399 Dionysius
2269 3323 2326 3379 in
2355 3325 2399 3379 1.
2430 3322 2574 3381 libro
2596 3373 2618 3393 ,
2666 3323 2724 3378 in
2768 3341 2882 3398 quo
2905 3317 3216 3414 plurimum

1938 3399 1997 3455 in
2043 3398 2383 3458 recensendis
2421 3399 2589 3456 Urbis
2671 3397 2947 3456 rimordiis
2985 3415 3217 3476 occupa·

1939 3492 2061 3546 tur,
2101 3476 2233 3533 dum
2264 3474 2488 3546 retulit,
2529 3477 2609 3551 pri
2636 3493 2728 3532 cos
2757 3473 3087 3532 illosltaliae
3113 3474 3214 3532 ho·

1939 3553 2116 3609 mines
2142 3551 2378 3610 Saturno
2404 3551 2669 3609 humanas
2697 3551 2896 3609 hostias
2926 3551 3222 3610 immolare

1939 3627 2059 3686 usos
2096 3625 2251 3686 fuisse
2279 3671 2300 3699 ,
2355 3627 2540 3698 addit,
2592 3625 2741 3688 haud
2783 3627 2934 3685 secus
2968 3670 2987 3700 ,
3088 3630 3222 3684 ua‘m

1937 3704 2147 3762 Cartha
2190 3705 2421 3763 inienses
2439 3745 2458 3775 ,
2506 3703 2637 3762 dum
2667 3724 2859 3762 eorum
2891 3705 3019 3762 urbs
3044 3647 3220 3761 stetit.

1941 3783 2137 3856 Quare
2200 3783 2276 3838 eri
2303 3781 2514 3858 potest,
2557 3799 2617 3837 ut
2648 3780 2755 3844 hoc
2790 3783 2954 3839 etiam
2981 3779 3150 3839 modo
3162 3779 3221 3838 id

1936 3857 2002 3915 ab
2027 3859 2210 3914 Ennio
2234 3857 2568 3936 explicatum
2595 3855 2690 3924 fit3
2728 3861 2839 3914 anti
2883 3877 2981 3913 uos
3010 3856 3218 3916 scilicet

1943 3933 2074 3991 illos
2105 3935 2244 3991 Latii
2288 3933 2492 3992 incolas
2520 3935 2815 3992 Saturnum
2903 3936 3116 3994 umanis
3143 3935 3223 3991 vi·

1950 4011 2129 4071 &imis
2156 4011 2369 4092 placare
2395 4006 2720 4071 consuevisse
2732 4051 2754 4083 ,
