3470 4568
1001 185 1289 264 ExI.

276 326 347 379 Ut
380 321 534 379 Poeni
558 318 795 455 fi’lin'sss
809 314 1081 394 sacrificare
1096 319 1303 396 puellos.

204 396 317 459 vel
341 417 401 457 ut
417 397 573 455 dieat
585 439 606 468 ,
622 414 698 473 qu
801 396 986 475 priscis
1001 395 1110 456 illis
1128 399 1331 458 latinis
1350 396 1498 458 idem

209 478 328 535 fuit
346 519 366 547 ,
407 476 506 552 qui
534 491 696 531 antea

291 557 475 610 Poenis
489 552 595 625 ,ses
618 551 821 606 Deiveis
834 570 940 606 mos
947 549 1231 625 sacrificare
1250 550 1459 628 puellos.

209 632 400 707 Atque
444 630 521 685 ita
556 625 624 683 ab
666 646 767 697 σο,
822 646 989 704 quem
1035 630 1204 687 refert
1236 629 1459 687 Nonius
1476 669 1497 699 ,

1406 180 2023 267 ANN'ALL

2747 206 2856 289 29

1581 337 1641 377 ut
1668 321 1835 378 refert
1861 317 2142 378 Diodorus
2176 317 2214 376 l.
2236 338 2330 376 20.
2371 322 2424 377 8(
2451 316 2747 377 Poscenius
2759 319 2860 377 Fe-

1579 392 1688 455 stus
1730 398 1793 454 in
1835 395 1992 454 libris
2037 396 2397 455 Historiarum
2436 415 2533 473 per
2578 395 2859 471 Satyram,

1580 474 1768 532 Deum
1795 474 1868 532 ob
1896 474 2064 551 patria
2093 472 2234 533 sacra
2257 472 2498 531 obsoleta
2528 471 2623 530 sibi
2661 475 2860 529 iratum

1580 547 1974 609 existimavere.
2015 552 2132 623 Ac,
2173 567 2234 608 ut
2262 550 2507 609 numinis
2524 545 2860 608 iracundiam

1580 628 1827 686 sedarent
1859 669 1880 699 ,
1932 620 2198 686 ducentos
2241 628 2514 707 ingenuos
2555 646 2754 704 pueros
2793 626 2862 684 ad

211 709 389 785 prima
418 702 638 762 tanturn
656 704 896 761 diciione
923 700 1125 763 differt.
1164 704 1498 783 Varroapud
1576 722 1687 763 aras
1715 701 1991 784 pecudum
2030 725 2183 764 more
2221 702 2587 763 crudeliffime
2628 702 2859 762 trucida·

214 785 295 843 D.
327 781 696 915 Auffitssinum
727 781 783 836 in
813 778 1129 839 dofflssrmis
1162 781 1275 840 illis
1306 782 1372 841 de
1402 782 1498 839 Ci-

215 862 388 919 vitate
482 859 535 915 ei
562 856 715 915 libris
743 854 1017 934 explicans
1044 861 1312 917 rationem
1330 902 1349 931 ,
1400 877 1499 917 cur

212 938 469 996 Saturno
515 930 548 992 a
612 933 900 990 uibusdam
942 936 1099 1011 pueri
1143 934 1289 993 soliti
1331 935 1502 994 essent

216 1011 541 1081 immolari,
600 1028 714 1067 icut
743 1009 777 1068 a
811 1010 1045 1079 Poenis,
1090 1016 1142 1070 &
1171 1030 1298 1070 natu
1331 1013 1499 1090 majo·

215 1111 302 1149 res
331 1092 365 1145 a
398 1087 768 1166 quibusdam,
824 1083 956 1143 ficut
990 1088 1023 1145 a
1053 1087 1223 1146 Gallis
1246 1109 1267 1159 3
1380 1093 1499 1161 uia,

216 1166 403 1244 inquit
420 1208 442 1236 ,
482 1166 714 1221 omnium
734 1165 983 1237 seminum
1005 1168 1249 1240 optimum
1280 1093 1502 1242 elizans

213 1244 525 1301 humanum.
569 1242 846 1298 Minutius
872 1257 1053 1299 autem
1084 1242 1235 1300 Felix
1259 1244 1320 1299 in
1336 1242 1501 1300 oea-

217 1324 312 1378 vio
339 1319 504 1377 aliam
528 1314 689 1375 affert
729 1318 1001 1374 rationem
1032 1339 1047 1374 t
1101 1317 1251 1396 quod
1293 1318 1502 1377 scilicet

122 1434 195 1485 74
225 1397 377 1455 filios
403 1395 524 1453 suos
544 1395 817 1452 Saturnus
842 1393 1138 1452 devoravit.
1192 1393 1361 1453 Unde
1392 1414 1500 1453 me·

234 1472 343 1532 tito
374 1475 423 1530 ei
454 1473 507 1531 in
533 1469 816 1528 nonnullis
846 1470 1058 1528 Africae
1084 1472 1325 1550 partibus
1352 1472 1382 1530 a
1410 1492 1502 1549 pa·

235 1551 474 1609 rentibus
512 1549 751 1606 infantes
788 1547 1244 1618 immolabantur,
1298 1547 1502 1607 blandi·

232 1629 357 1698 tiis,
384 1632 435 1685 8(
462 1624 656 1683 osculo
683 1625 1087 1701 comprimente
1114 1626 1355 1705 vagitum
1376 1668 1394 1695 ,
1434 1645 1505 1683 ne

228 1703 420 1764 flebilis
447 1702 625 1760 hostia
654 1701 1049 1758 immolaretur.
1090 1702 1245 1760 Idem
1281 1699 1393 1760 fere
1421 1700 1506 1760 his

223 1782 406 1841 verbis
439 1776 700 1856 expressit
728 1777 1099 1835 Tertullianus
1139 1780 1200 1836 in
1229 1777 1506 1857 Apologe·

226 1863 338 1917 tico
355 1900 376 1930 ,
427 1864 569 1913 Cum
591 1855 799 1930 propriis
812 1852 940 1928 filiis
960 1864 1205 1913 Saturnus
1232 1874 1328 1911 non
1343 1869 1506 1931 peper-

228 1940 295 1991 cit
312 1979 331 2007 ‚
384 1934 637 1992 extraneis
664 1934 838 2007 utique
865 1950 964 1986 non
996 1933 1245 2008 parcendo
1281 1940 1501 2007 perseve-

236 2012 387 2067 nbat
417 2029 441 2078 ⁶>
498 2027 611 2085 quos
642 2009 844 2084 quidem
874 2008 964 2082 ipsi
976 2021 1206 2083 parentes
1226 2010 1311 2079 sui
1341 2007 1505 2081 offire·

242 2087 371 2144 bant
392 2127 411 2154 ,
450 2105 518 2148 <9⁹
542 2083 734 2140 libentes
763 2083 1099 2159 exponebant,
1138 2084 1218 2152 ξς
1232 2083 1511 2155 infamibus

247 2161 637 2220 blandiebantur
650 2202 669 2230 ,
683 2180 739 2216 ne
765 2161 1090 2217 lacrimantes
1110 2161 1513 2217 immolarentur.

245 2237 434 2298 Immo
452 2280 471 2310 ,
504 2254 564 2294 ut
589 2236 747 2295 refert
778 2235 1104 2296 Plutarchus
1134 2238 1192 2295 in
1224 2236 1419 2295 libello
1446 2236 1515 2297 de

238 2315 658 2396 superstitione,
711 2315 973 2386 immitis,
1027 2332 1088 2372 ac
1114 2314 1247 2372 dura
1276 2314 1514 2373 adstabat

237 2412 412 2453 mater
456 2391 570 2451 sine
595 2393 807 2484 gemitu
839 2410 859 2458 3
912 2405 1050 2468 quae
1080 2389 1115 2448 fi
1144 2391 1287 2449 forte
1318 2390 1515 2449 illacri-

238 2468 425 2530 mass‘et
442 2512 464 2539 ,
501 2464 988 2547 autmgemuiffet,
1028 2466 1242 2525 honore
1267 2468 1516 2526 censeba-

234 2566 324 2606 tur
348 2544 468 2604 indi
512 2565 585 2602 na
615 2565 629 2600 τ
684 2564 786 2602 nec
812 2563 915 2621 pro
955 2561 1099 2602 terea
1126 2545 1156 2603 a
1184 2543 1284 2602 filii
1322 2546 1516 2602 immo·

232 2625 445 2682 latione
473 2566 808 2680 desistebant.
889 2564 1052 2698 (Quin
1076 2623 1237 2686 etiam
1262 2638 1385 2678 ante
1418 2621 1517 2678 sta-

236 2720 386 2760 tuam
417 2699 572 2757 tibiis
612 2699 928 2755 canentium
964 2694 1132 2768 sono,
1190 2700 1248 2754 &
1277 2699 1516 2774 timpana

242 2776 576 2858 pulsantium
620 2774 885 2850 strepitu,
939 2775 1123 2830 omnia
1163 2773 1515 2844 resonabant,

243 2874 316 2913 ne
344 2870 640 2931 puerorum
661 2893 680 2921 ,
736 2849 868 2906 dum
897 2849 1293 2921 mastabantur,
1348 2849 1515 2927 ejula-

242 2949 332 2989 tus
377 2928 621 2987 exaudiri
665 2923 857 3003 poss‘et.
930 2929 1031 2997 Et,
1072 2927 1223 3004 quod
1278 2927 1513 2985 maximi:

242 3006 445 3066 durum
476 3006 551 3064 est
572 3046 589 3074 ,
682 3004 739 3059 ui
766 3003 953 3061 liberis
986 3003 1273 3075 carebant,
1325 3004 1356 3061 a
1388 3021 1515 3080 pau-

239 3085 465 3164 peribus
519 3099 613 3137 arv
681 3100 774 3149 os,
814 3077 969 3137 velut
997 3098 1202 3158 agnos,
1240 3097 1333 3137 aut
1364 3079 1516 3160 galli·

240 3181 338 3220 nas
377 3159 448 3217 ad
480 3101 631 3215 hunc
662 3154 827 3213 usum*
846 3155 940 3213 fibi
970 3157 1373 3234 comparabant.
1430 3157 1519 3213 De

239 3240 317 3297 im
362 3240 418 3293 io
438 3231 759 3312 hujusmodi
787 3230 1092 3303 sacrorum,
1132 3231 1224 3290 seu
1286 3233 1432 3289 otius
1449 3231 1521 3289 sa-

241 3317 317 3373 cri
346 3314 604 3392 egiorum
654 3328 856 3388 genere
887 3349 906 3380 ‚
960 3309 1211 3366 meminit
1302 3308 1413 3365 lato
1462 3310 1521 3365 in

244 3391 497 3450 Atlantio
527 3430 547 3458 ,
599 3405 661 3444 ac
691 3387 889 3443 iterum
920 3387 976 3442 in
1014 3383 1222 3443 Minoe.
1301 3386 1519 3442 Tertul-

246 3468 427 3526 lianus
482 3462 734 3522 adversus
775 3461 1068 3520 Gnosticos
1113 3463 1224 3532 ait,
1265 3464 1358 3517 secl
1385 3465 1521 3516 enim

239 3543 542 3617 Scytharum
576 3541 804 3595 Dianam
831 3580 850 3608 ,
899 3553 994 3600 aut
1032 3541 1291 3595 Gallorum
1324 3546 1521 3594 Mercu·

242 3625 381 3677 rium
411 3662 431 3690 ‚
482 3631 580 3673 aut
609 3614 853 3691 Afrorum
889 3622 1163 3670 Saturnum
1189 3657 1207 3683 ,
1261 3613 1522 3671 hominum

247 3698 469 3753 victima
487 3693 685 3768 placari
707 3690 841 3764 apud
856 3689 1114 3765 saeculum
1142 3689 1305 3748 licuit.
1358 3693 1521 3748 Hunc

252 3773 384 3831 vero
450 3788 669 3828 morem
731 3766 764 3823 a
809 3766 1158 3845 Carthaginis
1223 3765 1520 3824 conditori-

250 3852 355 3907 bus
408 3847 721 3905 institutum
765 3842 830 3899 ad
875 3843 994 3916 ejus
1029 3840 1197 3919 usque
1243 3842 1522 3901 excidium

253 3925 519 3983 servatum
561 3920 717 3979 fuiss'e
771 3919 933 3977 tradit
987 3922 1072 3996 Q.
1107 3921 1336 3978 Curtius
1385 3918 1426 3976 l.
1467 3943 1523 3991 4.

254 4002 450 4077 Quem
494 3999 625 4059 cum
663 3995 737 4054 ali
780 3995 962 4053 uando
1002 3996 1299 4073 Iphicrates
1340 3996 1404 4053 ab
1446 3998 1522 4054 eis

249 4074 565 4140 substuliffet
595 4118 618 4149 ‚
670 4015 801 4133 vigi
828 4072 1050 4135 demum
1089 4076 1153 4134 ab
1185 4071 1523 4154 Agathocle,

1579 799 1726 841 runt.
1809 785 1881 839 Αἱ
1914 782 2214 860 Aeschylus
2249 783 2308 840 in
2335 780 2477 838 libro
2519 781 2637 858 περὶ
2679 804 2862 858 πωροι-

1579 862 1739 930 μιῦν,
1782 861 1833 915 8<
1870 860 2126 915 Daemon
2155 859 2344 935 ajunt,
2384 856 2527 936 apud
2556 856 2858 915 Sat-donem

1581 933 2113 1012 Carthaginiensium
2147 935 2426 992 coloniam
2468 953 2585 990 non
2624 952 2862 1009 pueros,

1581 1010 1673 1069 scd
1714 1010 1867 1069 senes
1920 1010 2074 1090 supra
2135 1008 2586 1090 septuagesimum
2652 1028 2861 1067 annum

1580 1087 1819 1151 Saturno
1845 1087 2121 1146 immolari
2151 1087 2360 1146 solitos.
2412 1084 2862 1146 Sed‘Clitarchus

1580 1168 1656 1223 ait
1670 1209 1691 1238 ,
1745 1167 1947 1228 atrium
1979 1162 2519 1244 Carthaginiensibus
2544 1163 2860 1221 institutum

1584 1185 1774 1314 fuissg,
1816 1243 1874 1300 in
1902 1245 2113 1323 magnis
2146 1244 2289 1300 votis
2314 1261 2547 1320 puerum
2577 1241 2636 1297 in
2667 1260 2858 1320 porre-

1585 1320 1692 1378 &as
1719 1319 1874 1378 aenei
1905 1320 2124 1379 Saturni
2154 1317 2420 1378 simulacri
2462 1337 2654 1376 manus
2682 1321 2858 1397 impo-

1582 1414 1750 1464 nere3
1790 1396 1886 1455 sub
1914 1414 2028 1474 quo
2045 1396 2321 1454 clibanum
2355 1394 2862 1466 succendebanr,ut

1583 1493 1719 1550 puer
1746 1474 1891 1551 ignis
1918 1491 2119 1551 vapore
2142 1471 2449 1530 contrastus
2489 1471 2719 1529 ridentis
2748 1474 2865 1548 spe·

1585 1551 1728 1607 ciem
1758 1548 2055 1626 praeberet.
2095 1551 2368 1606 Memorat
2389 1547 2669 1604 Diodorus
2702 1545 2743 1604 l.
2765 1568 2863 1605 20.

1588 1623 1914 1717 Carthagini
1942 1644 2171 1683 aeneum
2200 1625 2419 1683 Saturni
2435 1620 2720 1681 Colossum
2741 1623 2867 1682 fuis-

1584 1700 1672 1773 se,
1714 1722 1810 1779 qtu
1846 1719 2036 1760 manus
2070 1701 2282 1780 supinas
2319 1701 2378 1758 in
2404 1718 2545 1757 terra
2572 1700 2861 1758 inclinatas

1586 1780 1805 1855 exporri
1848 1778 1970 1836 ebat
1999 1778 2110 1852 iti,
2153 1796 2214 1836 ut
2241 1795 2380 1857 puer
2394 1819 2414 1850 ,
2456 1778 2554 1854 qui
2585 1776 2772 1836 inillis
2791 1775 2863 1836 sa·

1586 1798 1862 1914 crificangi
1890 1856 2064 1934 gratia
2094 1859 2503 1931 imponeretur,
2524 1854 2677 1913 illico
2708 1855 2864 1913 invo-

1583 1931 1737 1991 lutus
1790 1934 1848 1989 in
1891 1933 2162 2008 quandam
2204 1934 2333 2011 igne
2381 1931 2599 2008 plenam
2652 1933 2863 2011 voragi-

1586 2028 1716 2066 nem
1745 2008 2031 2067 incideret.
2107 2009 2238 2083 Ejus
2266 2008 2424 2065 verba
2451 2006 2585 2066 haec
2614 2007 2775 2080 sunt,
2817 2005 2866 2075 {v

1590 2082 1647 2141 δὲ
1681 2089 1792 2179 παῤ
1824 2087 1999 2152 αὐτοῖς
2045 2082 2244 2159 ἆνδριᾶς
2291 2082 2480 2160 Keo‘rov
2512 2090 2749 2159 χαλκοῦς
2786 2086 2867 2141 ι’κ-

1594 2184 1821 2228 τετσικως
1870 2157 1963 2229 ταὶς
2011 2164 2199 2257 χἐῖςοιξ
2250 2159 2443 2226 ὁπ’]ίαις
2495 2160 2863 2230 ἔγκεκλιμένοις

1568 2238 1686 2296 ’ὄπ-ἑ·
1726 2240 1807 2303 rii»
1840 2242 1952 2307 γξν.
2024 2239 2120 2298 lvre
2152 2263 2227 2294 τον
2264 2236 2571 2296 trivisina
2601 2239 2699 2296 τῶν
2742 2239 2873 2298 παί-

1595 2313 1689 2371 δων
1724 2315 2097 2372 &ramale-§aa
2117 2359 2138 2387 ,
2176 2315 2264 2371 καὶ
2302 2319 2519 2378 xia-7151
2554 2315 2625 2381 εἴς
2658 2340 2709 2373 τι
2726 2316 2871 2389 χείσ-

1594 2414 1675 2460 μει
1705 2394 1899 2468 πλῑρες
1927 2391 2102 2465 πυρός.
2181 2392 2305 2466 Qui
2350 2411 2469 2449 mos
2499 2391 2696 2450 nostris
2735 2413 2875 2470 quo—

1598 2487 1707 2544 que
1749 2466 2113 2546 superioribus
2153 2469 2492 2546 temporibus
2531 2470 2783 2527 nondum
2814 2491 2874 2526 o·

1601 2546 1795 2600 mnino
1823 2545 2058 2602 abolitus
2101 2563 2230 2602 erat.
2276 2547 2422 2602 Nam
2452 2546 2510 2599 in
2540 2545 2769 2619 quadam
2801 2549 2871 2604 A·

1599 2621 1829 2678 mericae
1873 2620 2046 2678 insula
2078 2620 2338 2677 Carolina
2383 2617 2642 2698 appellata
2671 2619 2877 2681 multae

1597 2713 1799 2753 aeneae
1825 2699 2088 2774 imagines
2112 2696 2294 2753 forma
2310 2694 2502 2753 eadem
2531 2693 2654 2750 sunt
2683 2697 2875 2756 inven-

1598 2789 1713 2838 tae,
1759 2774 1814 2828 in
1844 2791 2076 2848 quarum
2095 2771 2375 2841 manibus,
2417 2769 2637 2829 subditis
2654 2772 2875 2850 ignibus

1598 2847 2095 2919 effervescentibus,
2112 2849 2265 2926 pueri
2294 2847 2747 2919 imponebantur:
2776 2853 2875 2928 qui

1595 2925 1788 2984 ardore
1801 2924 2195 3005 conflagrantes
2209 2925 2443 2982 animam
2460 2922 2728 2986 efflabant.
2745 2930 2872 2987 Bar-
2914 2958 2946 3008 7
2959 2955 2986 3012 5
3001 2971 3015 2998 ,

1596 3002 1792 3059 barum
1812 3001 1960 3060 hunc
1975 3046 1994 3074 ,
2033 3023 2092 3061 ac
2113 3003 2327 3080 penitus
2355 3001 2717 3060 inhumanum
2740 3006 2874 3064 Car-

1600 3078 1999 3157 thaginensium
2057 3099 2267 3137 morem
2339 3079 2533 3137 Imilce
2588 3082 2888 3140 Annibalis

1600 3173 1809 3227 conjux
1828 3198 1847 3226 ,
1885 3156 2042 3230 cujus
2068 3154 2210 3213 filius
2240 3174 2307 3211 eo
2336 3157 2445 3212 ritu
2474 3154 2712 3213 litandus
2730 3176 2879 3230 erat,

1601 3233 1744 3308 apud
1773 3231 1972 3290 Silium
2005 3231 2115 3304 l.4.
2153 3227 2320 3288 deflet
2348 3231 2431 3288 his
2463 3231 2721 3300 vocibus,

1678 3309 1824 3382 Θέων
1854 3309 2001 3382 porro
2031 3307 2151 3363 haec
2169 3309 2364 3383 pietas,
2402 3304 2614 3362 delubra
2635 3310 2902 3386 aspergere»

1826 3384 1976 3441 tabO?
2337 3413 2364 3436 ο

1677 3469 1791 3516 Heu
1813 3464 2005 3536 primae
2022 3459 2268 3536 ftelerum
2280 3458 2461 3536 caufflre
2486 3459 2783 3519 mortalibus
2797 3483 2878 3520 ae-

1857 3556 1953 3604 7153

1680 3557 1945 3673 Natugam
1967 3615 2142 3685 nescire
2169 3612 2336 3669 Derim
2351 3655 2370 3683 ,
2397 3612 2534 3688 justa
2560 3615 2627 3671 ite
2647 3618 2843 3689 precari

1679 3697 1812 3747 Ture
1831 3690 1909 3761 pio
1928 3731 1946 3760 ,
2001 3691 2302 3763 caedumque
2316 3691 2452 3761 seros
2480 3694 2700 3746 avertite
2730 3691 2886 3748 ritus.-

1604 3768 1740 3824 Non
1755 3764 1995 3824 dissimili
2011 3764 2274 3823 sententia
2290 3765 2579 3824 detestatur
2597 3767 2739 3824 idem
2756 3769 2882 3824 Em·

1604 3841 1860 3920 pedocles
1889 3885 1910 3915 ‚
1966 3845 1998 3899 :l
2029 3861 2142 3920 quo
2170 3842 2302 3900 haec
2348 3841 2462 3901 sere
2492 3840 2771 3921 desumpta
2802 3844 2880 3901 vi·

1604 3922 1823 3978 dentur.

1683 3993 1897 4074 Μοςφέν
1931 3996 1996 4067 es
2029 3993 2341 4068 ἀλλάξαντα
2389 3993 2558 4070 πατὴρ
2592 3992 2741 4064 φίλον
2782 3991 2887 4049 vm

1836 4073 2010 4151 eiet‘poeq
2848 4139 2864 4158 Ι

2218 4144 2278 4239 Ω
2316 4163 2348 4221 3
2739 4152 2889 4214 Σφαι-
