3470 4568
530 105 712 182 16-

590 438 620 473 a
652 422 789 474 1nde.

415 553 485 611 57
529 524 679 603 ἷεςοῗς
716 525 1156 598 ivm-vindicum*
1210 527 1482 605 Qorum
1519 524 1818 584 verborum

528 600 846 679 hujusmodi
885 601 1065 661 sensus
1105 602 1225 662 est:
1296 602 1532 679 Impositis
1573 605 1726 677 igitur
1765 604 1822 657 in

525 678 741 735 alveum
762 682 930 756 pueris
946 722 966 752 ,
1004 681 1077 736 ad
1098 680 1301 756 flumen
1326 680 1567 756 descendit
1608 698 1690 735 eos
1704 689 1821 754 pro·

519 757 749 832 jeft‘urtu
779 775 798 825 5
827 758 920 828 sed
948 776 1062 815 cum
1091 758 1217 815 illud
1246 756 1535 815 vehementi
1565 755 1823 812 undarum

530 836 727 909 impetu
749 830 965 911 defluens
989 835 1269 913 conspiceret
1289 877 1308 906 ‚
1346 833 1569 890 accedere
1595 831 1662 905 est
1688 832 1824 888 veri·

530 924 615 966 tus
632 906 748 985 3secl
803 925 910 986 rope
936 913 1101 1044 ripam
1130 912 1367 986 deponens
1395 909 1541 968 abiit.
1572 904 1827 980 Crescente

532 1002 708 1045 autem
774 994 896 1045 avio
913 1025 930 1054 ,
993 1008 1151 1045 evans
1181 987 1391 1046 alveum
1417 987 1593 1044 leniter
1608 987 1826 1043 inunda-

532 1067 637 1136 tio,
677 1064 1049 1141 devehensque,
1089 1069 1144 1120 in
1173 1064 1272 1122 loco
1291 1066 1419 1140 satis
1436 1065 1575 1122 molli
1585 1063 1827 1132 destituit·
1855 1090 1860 1097 ·

492 1192 501 1199 „
538 1160 688 1217 quem
721 1161 853 1198 nunc
880 1149 1194 1198 Germanum
1219 1147 1493 1217 appellant:
1534 1139 1656 1196 olim
1683 1137 1828 1208 verb,

540 1232 600 1271 ut
626 1216 847 1288 existimo
863 1258 882 1286 ‚
900 1223 1247 1287 Germanum,
1287 1220 1527 1294 quoniam
1552 1222 1831 1273 Germanos

525 1293 727 1363 fratres
756 1311 936 1349 vocare
960 1293 1333 1370 conflaverunt.
1385 1301 1492 1350 Nec
1514 1292 1686 1368 procul
1709 1291 1827 1349 abe-

541 1384 625 1424 rat
665 1368 914 1445 caprificus
929 1412 950 1441 ,
1002 1389 1159 1446 quam
1199 1369 1520 1427 Ruminalem
1565 1368 1832 1435 dicebant}

531 1444 648 1523 five
673 1445 711 1502 ἃ
740 1445 946 1505 Romulo
971 1489 992 1519 ,
1043 1462 1104 1503 ut
1139 1444 1361 1523 plerique
1389 1447 1516 1521 sunt
1552 1444 1831 1511 arbitrati,

539 1522 653 1602 sive
669 1564 688 1594 ,
728 1526 847 1600 quia
889 1523 961 1579 ibi
1000 1524 1321 1581 ruminantia
1352 1535 1525 1593 pecora
1566 1521 1834 1597 captabant

547 1599 823 1668 umbram3
864 1600 952 1657 vel
968 1639 987 1669 ‚
1063 1601 1161 1657 uod
1188 1600 1413 1657 maxime
1429 1598 1700 1675 probatur,
1723 1608 1833 1672 pro·

540 1691 655 1753 pter
695 1677 1016 1734 laetationem
1055 1678 1333 1749 infantium
1361 1697 1376 1732 ε
1430 1675 1835 1753 quandoquidem

551 1772 783 1811 mamma
816 1755 853 1809 a*
882 1752 1134 1809 veteribus
1156 1770 1310 1809 ruma
1334 1752 1581 1828 appellata
1607 1751 1702 1824 ell3
1737 1759 1837 1809 Ru·

551 1829 851 1906 miliumque
865 1838 1032 1886 Deam
1046 1845 1247 1892 vocant,
1265 1838 1422 1907 quam
1437 1840 1708 1904 puerorum
1721 1829 1839 1885 edu·

554 1909 743 1961 cationi
764 1905 968 1982 praeeffi
976 1918 1213 2037 Zoutanss
1255 1910 1395 1982 eique
1422 1904 1671 1976 Nephalia
1685 1908 1841 1981 βενε

542 1981 750 2055 faciant
777 1982 906 2040 laete
934 1983 976 2040 li
1006 1998 1163 2041 antes.
1216 1984 1366 2040 Haec
1394 1978 1510 2040 fere
1541 1983 1730 2040 eadem
1773 1981 1840 2038 ab

559 2059 755 2118 eodem
788 2077 1114 2138 repetuntur
1138 2061 1197 2117 in
1226 2056 1634 2116 Problematum
1674 2057 1845 2128 libro,

556 2155 723 2213 atque
753 2136 810 2193 in
840 2157 942 2208 eo,
981 2137 1079 2213 qui
1113 2136 1180 2195 de
1212 2138 1592 2193 Romanorum
1621 2133 1844 2191 fortuna

536 2212 639 2272 ,est
669 2212 980 2293 inscriptus·
1036 2213 1175 2271 Pom
1216 2212 1334 2290 ejus
1360 2213 1419 2269 in
1444 2210 1731 2270 Ruminalis
1759 2212 1844 2270 Fi-

558 2310 688 2350 cum
728 2290 883 2349 illam
939 2290 1180 2348 Rumina
1206 2311 1294 2349 em
1335 2289 1652 2367 appellatam
1705 2288 1846 2361 effe,

561 2368 674 2437 ait,
714 2365 864 2444 qubd
913 2368 1007 2425 sub
1038 2385 1100 2426 ea
1138 2366 1264 2445 lupa
1304 2384 1595 2425 mammam
1634 2366 1848 2425 dederit

562 2447 779 2514 Remo,
823 2442 1154 2502 &Romulo.
1198 2448 1436 2502 Mamma
1459 2461 1643 2500 autem
1675 2445 1847 2500 rumis

486 2541 501 2550 “
563 2519 809 2578 dicitur:
893 2521 1040 2579 unde
1091 2521 1275 2578 rustici
1313 2517 1521 2577 hoedos
1558 2518 1848 2578 subrumos

566 2617 661 2656 eos
692 2615 890 2656 vocant
920 2640 940 2670 ‚
994 2598 1091 2675 qui
1131 2596 1307 2656 adhuc
1337 2595 1432 2654 sub
1466 2597 1717 2655 mammis
1754 2596 1849 2655 ha·

567 2675 789 2733 bentur.
830 2674 1050 2734 Servius
1084 2673 1124 2731 1.
1150 2677 1202 2730 8.
1221 2673 1483 2745 Aen-ait,
1521 2671 1663 2732 hanc
1681 2671 1850 2731 ficum

568 2748 725 2810 fuiffe
750 2751 841 2809 ubi
872 2771 1020 2809 nunc
1052 2751 1128 2809 est
1147 2749 1410 2829 Lupercal
1437 2750 1495 2808 in
1512 2751 1720 2822 Circo,
1739 2746 1852 2827 qua

458 2895 466 2902 ,
571 2828 711 2885 olim
729 2829 945 2886 Tiberis
979 2827 1297 2899 labebatur,
1337 2827 1637 2904 antequaim
1667 2827 1701 2882 εἰ
1720 2831 1854 2885 Ver·

571 2921 711 2961 tuno
756 2904 907 2961 fastis
948 2902 1218 2978 sacrificiis
1259 2919 1626 2961 averteretur:
1679 2901 1856 2961 illam—

570 3000 685 3058 que
724 2979 921 3038 dictam
962 2979 1083 3038 vult
1113 2978 1460 3038 Ruminalem
1492 2977 1526 3038 εὶ
1566 2978 1853 3051 Romulo,

572 3054 719 3135 quali
763 3056 1119 3114 Romularem
1150 3100 1168 3129 ,
1224 3055 1317 3113 vel
1366 3055 1666 3116 seeundum
1720 3056 1856 3115 alios

575 3136 609 3192 a
648 3132 789 3192 laste
836 3134 1135 3191 infantibus
1190 3132 1336 3191 dato.
1415 3134 1564 3191 Nam
1698 3135 1858 3191 tturis

614 3229 696 3344 arg
724 3229 878 3268 ruma
909 3209 1125 3269 dicitur.
1179 3210 1270 3269 De
1298 3207 1487 3269 eadem
1502 3210 1618 3267 Ovi
1665 3209 1860 3270 ‘usL1.

623 3306 650 3344 a
700 3328 716 3345 .

652 3363 825 3422 Arbor
852 3379 959 3423 erat
977 3407 992 3433 ‚
1005 3380 1263 3424 remanent
1280 3362 1486 3441 vestigia
1499 3406 1520 3437 ,
1537 3382 1760 3442 quaeque
1773 3384 1860 3421 vo·

804 3458 947 3500 catur

732 3519 945 3576 Romula
966 3537 1099 3575 nunc
1115 3517 1243 3592 ficus
1260 3559 1278 3587 ,
1311 3520 1532 3577 Rume‘na
1546 3517 1673 3590 ficus
1698 3532 1828 3577 erat.

577 3598 738 3657 Hanc
768 3598 1023 3654 arborem
1066 3599 1298 3655 maxima
1330 3596 1566 3656 Romani
1609 3594 1867 3653 colebant

576 3675 931 3731 veneratione
948 3694 966 3743 3
1005 3671 1149 3730 haud
1189 3676 1336 3732 secus
1357 3693 1417 3732 ac
1436 3673 1603 3732 Samii
1625 3674 1871 3747 viticem,

582 3768 723 3827 quae
754 3750 945 3813 multis
972 3749 1196 3816 saeculis
1223 3750 1289 3809 ab
1307 3752 1384 3810 eis
1410 3752 1466 3808 in
1483 3750 1716 3829 Junonis
1733 3766 1873 3807 tem·

582 3827 678 3905 plo
706 3827 970 3884 custodita
998 3826 1130 3883 fuit:
1188 3829 1451 3905 quoniam
1480 3827 1574 3884 sub
1606 3844 1668 3883 ea
1699 3828 1872 3903 Juno·

588 3923 715 3961 nem
747 3904 945 3962 editam
974 3900 1125 3961 fuiss‘e
1190 3905 1529 3964 erhibebant.
1589 3901 1798 3962 Plinius
1827 3903 1864 3962 1.

584 4000 674 4054 15.
705 4000 754 4037 c.
780 4001 803 4038 ι
821 3985 873 4039 8.
912 3924 1243 4058 Colitursiim
1257 3981 1403 4040 arbor
1427 3982 1614 4053 infero
1643 3981 1773 4057 ipsi&
1812 4002 1873 4043 ac

971 99 1088 207 Q
1193 102 1656 181 ENNII
1767 91 2735 177 FRAGMENTA

634 310 666 350 ³
726 290 948 385 Endo
985 316 1284 389 tuetur,
1327 290 1498 375 ubei
1535 288 1746 402 lupu'
1780 281 2089 369 foemina
2107 282 2470 398 conspicit
2502 274 2814 373 amneisss

1900 518 2122 578 Comitio
2137 525 2322 578 Romae
2350 532 2478 585 nata
2494 522 2669 598 »sacra
2686 519 2977 599 fulguribus
2991 518 3067 578 ibi
3078 538 3188 580 con·

1900 594 2053 658 ditis.
2091 595 2339 673 magisque
2369 595 2740 657 obmemoriam
2768 599 2873 675 ejus
2888 641 2908 671 ,
2945 617 3074 676 quae
3096 617 3190 655 nu·

1902 674 2012 730 trix
2024 674 2138 745 fuit
2166 673 2397 737 Romuli,
2433 694 2494 731 ac
2507 677 2653 733 Remi
2678 677 2938 732 conditoris
2953 715 2970 739 ‚
3011 681 3192 735 Rumi-

1903 748 2034 804 nalis
2057 748 2309 825 appellata
2330 770 2349 818 3
2393 754 2629 827 quoniam
2662 750 2758 821 lab
2785 773 2845 811 ea
2873 757 3090 809 inventa
3126 751 3196 824 est

1905 824 2024 900 lupa
2045 826 2329 895 infantibus
2361 828 2594 902 praebens
2626 847 2825 887 rumen.
2866 828 3198 889 Addidimus

1907 900 2038 958 huic
2068 900 2200 959 loco
2227 922 2424 961 vocem
2456 905 2767 979 Ruminalis,
2818 925 2960 984 quae
2992 907 3051 963 in
3083 905 3200 963 Pli-

1908 978 1991 1034 nii
2020 979 2424 1056 exemplaribus
2447 984 2663 1039 videtur
2676 981 2875 1054 deeffe.
2915 981 3091 1042 Fuiffie
3109 1000 3200 1040 au·

1910 1070 2020 1113 tem
2057 1053 2198 1113 hane
2223 1054 2393 1135 ipsam
2413 1055 2577 1117 ficum
2605 1060 2663 1115 in
2680 1059 2805 1117 foto
2820 1102 2842 1132 ,
2858 1061 3027 1118 etiam
3044 1060 3203 1120 Sexti

1908 1129 2037 1189 Rufi
2052 1173 2072 1203 ,
2114 1136 2166 1190 &
2185 1135 2248 1190 P.
2263 1135 2503 1193 Victoris
2524 1135 2929 1194 aueloritatibus
2945 1157 3206 1216 compro-

1909 1208 2086 1265 batur.
2125 1210 2427 1269 Cornelius
2461 1214 2679 1272 Tacitus
2697 1212 2740 1270 l.
2763 1233 2850 1288 ¹4·
2877 1216 2954 1271 ait
2971 1257 2992 1287 ,
3017 1218 3206 1273 Nero-

1912 1284 1998 1342 nis
2030 1301 2283 1364 tempore
2322 1287 2464 1348 hanc
2504 1290 2755 1348 arborem
2780 1329 2801 1358 ,
2858 1309 3002 1368 quae
3043 1293 3206 1371 super

1911 1362 2259 1442 octingentos
2292 1406 2310 1434 ‚
2364 1383 2427 1422 ae
2467 1367 2822 1459 quadraginta
2859 1365 2989 1426 ante
3029 1387 3208 1427 annos

1912 1439 2072 1496 Remi
2089 1482 2110 1512 ,
2127 1437 2465 1518 Romulique
2491 1443 2782 1501 infantiam
2800 1462 3004 1504 texerat
3018 1488 3040 1518 ,
3061 1466 3208 1505 mor·

1917 1515 2025 1573 tuis
2048 1517 2371 1590 ramalibu2‚
2414 1523 2468 1577 &
2497 1518 2772 1578 arescente
2805 1538 3006 1580 trunco
3033 1524 3209 1583 demi·

1915 1607 2142 1667 nutam,
2182 1594 2421 1674 prodigii
2461 1594 2592 1654 loeo
2619 1596 2894 1671 habitam,
2935 1598 3114 1659 donec
3144 1602 3206 1659 in

1917 1687 2093 1727 novos
2125 1673 2306 1729 foetus
2338 1673 2702 1733 revivisceret.
2744 1676 2818 1733 D.
2849 1695 3078 1755 quoque
3097 1678 3224 1735 Au·-

1918 1744 2160 1824 gustinus
2185 1744 2229 1804 l.
2249 1772 2309 1822 ⁷4.
2337 1748 2405 1807 de
2428 1751 2603 1809 Civit.
2635 1752 2747 1823 ait,
2787 1772 3001 1811 rumam
3033 1771 3204 1813 mam·

1921 1841 2067 1880 mam
2097 1841 2309 1885 veteres
2335 1825 2524 1885 dixiffe
2539 1848 2559 1897 3
2614 1829 2857 1905 indeque
2885 1832 3056 1889 Deam
3084 1833 3202 1889 Ru-

1924 1900 2089 1956 miam
2123 1902 2269 1979 apud
2297 1905 2578 1963 Romanos
2619 1902 2719 1964 effe
2763 1905 2994 1978 distem,
3056 1924 3201 1984 quae

1924 1976 2163 2054 parvulis
2180 1977 2504 2060 immulgeat
2520 2000 2832 2041 mammam.
2861 1986 2948 2042 De
2963 2001 3068 2060 qua
3084 1985 3208 2061 Dea

1927 2056 2183 2112 meminit
2214 2057 2389 2115 Varro
2413 2059 2474 2115 in
2504 2060 2755 2131 Catone,
2794 2059 2902 2120 five
2916 2060 2996 2119 'de
3021 2060 3210 2120 liberis

1926 2128 2251 2204 educandis,
2293 2137 2346 2191 &
2372 2136 2432 2191 in
2466 2154 2553 2193 ιι.
2585 2134 2653 2194 de
2676 2156 2736 2194 re
2765 2138 2997 2211 rustica,
3016 2136 3217 2196 &Plu-

1927 2206 2146 2265 tarchus
2176 2210 2238 2265 in
2269 2209 2644 2271 problematis.
2685 2214 2854 2272 Deest
2883 2232 3068 2273 autem
3096 2234 3219 2273 ver·

1927 2283 2012 2343 bis
2041 2284 2156 2344 illis
2171 2287 2460 2359 Dulciserae
2474 2289 2597 2363 fici,
2633 2288 2727 2349 sub
2760 2291 2952 2351 umbra
2967 2292 3097 2364 ,vel
3118 2291 3215 2351 sub

1931 2364 2210 2440 tegmine,
2249 2364 2338 2422 vel
2368 2365 2579 2443 aliquid
2610 2369 2744 2444 quip
2786 2371 2909 2428 iam.

2007 2435 2439 2518 Lare-rmum]
2496 2444 2720 2503 Scriben
2762 2465 2854 2504 um
2899 2448 3217 2519 Laetemeie,
3259 2457 3327 2527 58

1929 2515 2039 2575 hoc
2057 2515 2131 2575 est
2158 2516 2237 2574 lac
2260 2518 2547 2597 sugentes:
2590 2539 2705 2598 quo
2724 2524 2893 2594 verbo
2909 2524 2992 2581 bis
3010 2525 3220 2582 Cicero

1929 2591 1999 2649 de
2029 2592 2272 2651 Romulo
2312 2596 2525 2654 inf-'ante
2555 2597 2792 2676 loquens
2818 2597 2944 2658 usus
2973 2601 3072 2659 est.
3151 2604 3222 2659 In
3251 2597 3256 2601 ’

1932 2667 2171 2728 secundo
2207 2672 2356 2730 enim
2385 2673 2454 2731 de
2481 2675 2842 2735 Divinatione
2874 2678 3097 2754 inquit,
3125 2686 3220 2735 Ro-

1935 2746 2108 2803 mulus
2135 2748 2325 2804 lat-lens
2335 2749 2562 2820 fulmine
2599 2755 2748 2810 iaus.
2799 2755 2944 2811 Item
2977 2756 3033 2811 in
3066 2755 3223 2812 Cati·

1935 2822 2128 2882 linam-
2165 2829 2350 2882 ranas
2371 2826 2436 2899 esl
2468 2831 2624 2885 etiam
2650 2829 2757 2901 ille,
2770 2833 2861 2906 qui
2881 2829 3012 2888 hanc
3041 2830 3226 2887 Urbem

1937 2901 2157 2957 condidit
2172 2943 2194 2973 ,
2233 2902 2507 2971 Romulum
2549 2923 2696 2980 quem
2725 2909 3030 2965 inauratum
3044 2910 3102 2963 in
3117 2914 3227 2963 Ca-

1935 2976 2106 3050 pitolio
2121 3014 2139 3044 ‚
2170 2990 2398 3052 parvum
2412 3016 2430 3046 ‚
2469 2996 2625 3057 atque
2645 2982 2923 3040 laetantem
2937 3023 2955 3052 ,
2995 2983 3226 3042 uberibus

1938 3054 2118 3131 lupinis
2142 3052 2424 3114 inhiantem
2441 3056 2612 3134 sutffi,
2654 3059 2962 3130 meministis.

2016 3135 2226 3189 Unmoe
2270 3138 2474 3210 roro]
2528 3134 2790 3216 Enallage
2828 3138 3081 3210 numeri,
3120 3157 3226 3217 pro

1943 3208 2200 3268 uberibus
2228 3208 2495 3269 distentis.

2021 3288 2513 3366 Eunoxrusruu]
2552 3290 2710 3349 Endo
2737 3295 2913 3371 proin
2932 3336 2950 3366 ‚
2966 3291 2999 3352 εὶ
3017 3295 3230 3352 Graeca

1944 3361 2342 3442 praepositione
2374 3363 2533 3423 ἔνδυνε
2575 3388 2715 3462 quae
2741 3371 2910 3429 didio
2925 3373 2981 3429 in
2996 3373 3234 3449 antiquo

1948 3438 2224 3500 Gloffario
2261 3444 2556 3521 exponitur
2595 3467 2635 3501 εν
2655 3487 2676 3515 ,
2716 3449 2817 3520 εἰς,
2860 3450 2954 3507 ubi
2996 3447 3136 3507 male
3173 3468 3233 3505 u-

1947 3518 2072 3575 nica
2096 3516 2338 3577 distione
2375 3519 2612 3598 legitur,
2651 3523 2786 3590 ἔνείς.
2837 3528 3002 3584 Hune
3044 3525 3237 3584 locum

1949 3611 2131 3653 totum
2151 3616 2218 3653 ex
2241 3598 2425 3654 Ennio
2449 3598 2762 3657 transtuliffe
2789 3601 3005 3660 videtur
3025 3604 3237 3679 Diony-

1951 3670 2090 3744 iius,
2142 3673 2286 3751 apud
2313 3692 2480 3750 quem
2510 3675 2566 3733 lu
2607 3694 2695 3734 am
2721 3676 2926 3757 legitur
2964 3677 3105 3736 nihil
3137 3680 3238 3736 ho-

1955 3750 2169 3807 minum
2199 3748 2540 3810 incursuexa
2602 3771 2834 3825 erarem,
2866 3753 2955 3813 sed
2974 3773 3236 3831 tanquam

1953 3826 2194 3883 cicurem
2221 3825 2409 3885 sensim
2441 3847 2561 3886 retu
2591 3826 2679 3886 isse
2703 3831 2935 3908 pedem,
2992 3836 3046 3891 δι
3088 3831 3239 3909 quafi

1952 3904 2225 3980 pastorum
2254 3905 2535 3983 strepitum
2551 3924 3036 3981 contemnentem,
3077 3911 3136 3966 in
3157 3908 3239 3968 fil·
3347 3902 3358 3914 “

1951 3999 2075 4041 vam
2106 3978 2211 4050 sese
2240 3981 2491 4044 abdidiffe
2521 3983 2780 4043 arborum
2825 3984 3087 4046 densitate
3111 4006 3242 4062 opa-

3087 4081 3256 4137 cam,
3343 4141 3346 4142 γ
