3470 4568
551 204 602 283 4
1016 185 1117 199 ”’“
1326 164 2417 281 ·QENN11V1’1·A

875 315 1033 388 Vitis
1058 312 1372 383 adornabat
1402 288 1618 382 dextra
1646 318 1815 381 decus
1854 351 1940 367 -·-

550 403 966 471 Centuriones
1000 403 1170 468 enim
1200 422 1282 467 eo
1309 401 1448 467 vitis
1478 401 1588 466 inii
1675 403 1693 465 i
1724 398 2162 469 macritatem
2174 394 2729 485 praeseferebantin
2741 395 3011 463 nefarios
3031 400 3190 466 miii·

552 505 645 554 tcs
677 485 1221 553 animadvertendi.
1280 484 1476 569 Quod
1512 487 1545 547 a
1624 485 1906 550 lutarcho
1934 486 2001 549 in
2033 482 2271 567 Galba,
2313 484 2372 548 δι
2407 505 2444 549 a
2477 480 2709 547 Macro
2756 478 2789 558 J
2795 485 3193 551 ureconsulto

552 573 658 635 lib.
696 569 772 632 ΙΙ.
817 571 893 634 de
927 566 1025 632 Re
1053 568 1300 634 militari
1334 616 1353 649 ,
1394 566 1650 649 aliisque
1681 567 2156 649 quamplurimis
2187 569 2511 649 proditum
2540 564 2641 631 est.
2718 559 3001 630 Navavit
3031 584 3200 648 prae-

554 670 720 717 terea
749 649 1227 733 cum-Scipione
1256 652 1493 731 majore
1521 652 1830 736 egregiam
1866 651 1929 713 in
1944 653 2112 715 bello
2129 668 2419 735 operam,
2460 664 2529 735 ut
2544 645 2929 715 Claudianus
2947 645 3196 717 inland.

554 733 750 799 Stilic.
778 732 1055 816 testatur,
1097 733 1205 815 qui
1239 733 1316 797 de
1347 733 1602 797 summo
1630 736 1742 799 illo
1770 731 1957 798 Duce
1986 736 2256 816 loquens
2287 735 2368 800 ait
2395 781 2417 816 ,

887 814 1030 879 Non
1039 813 1168 891 fine
1199 813 1419 877 Pieriis
1447 815 1711 878 exercuit
1740 813 1962 877 artibus
1990 837 2194 897 arma,

970 897 1202 983 Semper
1232 912 1361 960 erat
1386 912 1594 960 vatum
1621 898 1888 961 maxima
1920 918 2062 960 cura
2092 897 2274 963 Daci.

887 977 1122 1043 Gaudet
1148 981 1305 1043 enim
1332 980 1525 1042 virtus
1561 981 1726 1062 testes
1741 978 1860 1057 fibi
1871 980 2123 1065 jungere
2152 979 2362 1062 Musas
2377 1003 2402 1043 .·

966 1062 1226 1126 Carmen
1252 1078 1417 1125 amat
1482 1062 1695 1151 msquis
1724 1061 1977 1125 carmine
2012 1062 2073 1123 di
2108 1085 2188 1124 na
2207 1062 2387 1147 gerit.

557 1142 639 1211 Et
656 1145 790 1228 post
806 1190 824 1223 ,
891 1141 1189 1207 Haerebat
1218 1144 1413 1207 dolius
1460 1145 1612 1206 atem·
1638 1145 1939 1232 castrisque
1952 1143 2072 1226 sole
2106 1161 2171 1207 at

970 1226 1250 1290 Omnibus
1278 1228 1341 1288 in
1371 1226 1586 1288 medias
1620 1225 1853 1289 Ennius
1883 1227 1970 1288 ire
2001 1228 2184 1291 tubas.
3197 1226 3207 1263 ²

561 1308 828 1376 Summa
855 1328 1113 1392 quoque
1147 1310 1247 1375 fibi
1282 1330 1435 1375 cum
1465 1307 1758 1390 Scipione
1789 1302 2016 1374 Nalica
2049 1309 2424 1376 familiaritas
2463 1305 2824 1387 interceflit,
2864 1318 2933 1375 ut
2968 1325 3038 1372 ex
3073 1307 3206 1371 *hoe

561 1393 668 1459 M.
700 1392 904 1456 Tullii
940 1397 1124 1474 loeo,
1167 1393 1270 1456 lib.
1303 1413 1360 1455 2.
1388 1392 1464 1456 de
1495 1388 1674 1456 Orat.
1706 1391 1846 1456 satis
1875 1394 2131 1479 intelligi
2165 1390 2359 1474 potest
2379 1439 2397 1472 ,
2457 1389 2682 1468 Nasica
2707 1393 2850 1452 cam
2877 1391 2960 1453 ad
2982 1390 3207 1475 poe'tam'

560 1474 829 1539 Ennium
862 1474 1100 1557 vemffet
1130 1522 1149 1553 ,
1207 1476 1371 1559 eique
1404 1474 1476 1536 ab
1508 1473 1644 1555 ostio
1668 1473 1966 1561 quaerenti
1998 1473 2264 1537 Ennium
2293 1523 2312 1556 ,
2371 1471 2580 1534 ancilla
2610 1472 2744 1536 dixi
2781 1488 2874 1556 et,
2915 1472 3071 1535 domi
3099 1476 3208 1533 nord

561 1557 703 1702 ἒβη
746 1555 965 1634 Nasica
980 1556 1156 1637 senfit
1176 1556 1342 1619 illam
1373 1555 1587 1617 domini
1602 1554 1760 1637 juffie
1781 1554 1985 1636 dixiffe
2002 1603 2020 1635 ,
2064 1556 2156 1629 ἔθ’
2174 1552 2342 1618 illum
2368 1557 2525 1617 intus
2541 1554 2663 1638 effe.
2770 1556 2936 1617 aucis
2955 1553 3080 1639 post
3092 1554 3208 1614 dies

601 1663 668 1703 us
692 1640 825 1701 crim
842 1639 925 1700 ad
946 1638 1224 1716 Nasicam
1239 1637 1469 1721 vemffet
1478 1636 1739 1718 Ennius,
1782 1636 1864 1709 ἐρ’
1896 1657 2027 1697 cum
2055 1660 2093 1699 a
2106 1641 2303 1724 janua
2330 1651 2659 1724 quaereret,
2707 1638 3010 1699 exclamat
3034 1633 3208 1712 Nast-

564 1745 634 1784 ca
651 1770 670 1803 ,
708 1723 776 1800 sc
805 1720 959 1782 domi
987 1743 1098 1784 non
1139 1720 1245 1803 effl’
1276 1743 1298 1783 .·
1353 1734 1482 1781 tum
1513 1719 1745 1783 Ennius
1773 1763 1791 1794 ,
1849 1717 2011 1806 Quid
2039 1720 2064 1782 3
2122 1720 2249 1805 Ego
2275 1742 2386 1783 non
2418 1722 2667 1802 cognosco
2687 1720 2939 1813 'vocem,
2983 1720 3169 1806 inquit
3183 1765 3204 1797 ,

564 1802 771 1865 tuam?
810 1800 933 1862 Hic
966 1800 1184 1879 Nasica
1200 1850 1219 1883 ‚
1259 1800 1445 1863 Homo
1475 1822 1533 1863 es
1562 1802 1641 1862 im
1684 1798 1858 1861 adens
1876 1824 1898 1863 .-
1941 1821 2037 1894 ego
2061 1850 2080 1879 ,
2125 1804 2261 1864 ciem
2291 1818 2347 1863 te
2373 1822 2704 1889 quaererem
2733 1850 2751 1882 ,
2797 1800 3044 1879 ancillae
3074 1816 3208 1864 tuae

565 1882 816 1965 credidi,
856 1898 915 1944 te
942 1883 1096 1944 domi
1118 1906 1229 1946 non
1257 1882 1401 1965 ff3
1442 1896 1510 1944 tu
1537 1884 1618 1944 mi
1659 1889 1817 1943 inon
1847 1887 2026 1945 credts
2049 1882 2156 1969 ipsi
2167 1883 2189 1946 ἓ
2235 1883 2380 1948 Fuit
2408 1902 2662 1966 quoque
2693 1883 2980 1950 Caecilio
3014 1883 3206 1951 Statio

568 1985 781 2045 caruS,
823 1984 954 2047 quo
988 1984 1138 2030 cum
1167 1967 1274 2031 diu
1307 1962 1804 2045 conjuncliffime
1836 1964 2106 2030 versatus
2139 1966 2240 2030 est.
2311 1967 2563 2047 Quanta
2594 1967 2865 2046 denique
2896 1967 3206 2051 frugalita-

568 2066 630 2114 te
660 2096 679 2129 ,
723 2068 795 2112 ac
831 2048 1195 2128 parfimonia
1236 2049 1547 2128 reliquum
1582 2047 1742 2111 vitae
1782 2061 2024 2128 tempus
2062 2049 2393 2113 traduxerit
2426 2096 2445 2129 ,
2503 2048 2775 2128 opesque
2820 2047 3206 2127 contempti:-

566 2133 681 2212 rit,
726 2132 847 2194 hoc
874 2135 976 2193 vel
1011 2150 1141 2194 uno
1175 2129 1416 2195 Eusebii
1452 2129 1806 2193 testimonio
1824 2127 1922 2210 [in
1939 2122 2210 2213 Chron.]
2244 2131 2452 2211 colligi
2472 2128 2697 2210 potest3
2741 2130 3206 2209 quieumunius

568 2211 815 2278 tantum
850 2214 1109 2276 ancillae
1138 2211 1470 2291 ministerio
1509 2211 1695 2274 usum
1727 2209 1932 2292 fuitse,
1974 2213 2173 2277 tradit.
2227 2208 2398 2275 Cum
2427 2211 2577 2275 vero
2609 2212 2685 2274 ad
2722 2209 3041 2277 seneaam
3077 2220 3206 2291 per-4

470 2282 538 2381 ΞΕ
572 2293 823 2360 veniss‘et
854 2343 873 2376 ,
931 2313 1070 2359 eam
1100 2293 1458 2377 aequiffimo
1490 2294 1715 2360 ferebat
1751 2296 1962 2360 animo
1989 2343 2008 2377 ,
2067 2295 2279 2376 hisque
2337 2294 2599 2358 verfibus
2629 2293 2809 2376 fortis
2855 2293 2914 2366 δι
2962 2292 3203 2358 victoris

473 2386 538 2441 Ξ
573 2379 717 2461 equi
746 2374 1042 2441 senectuti
1077 2378 1253 2442 suam
1283 2378 1703 2458 comparavit,

902 2459 1064 2522 Sicut
1081 2460 1258 2539 fortis
1285 2478 1459 2545 equus
1473 2459 1662 2544 spatio
1692 2459 1909 2556 quisae
1947 2461 1977 2522 e*
1990 2462 2257 2548 supremo

891 2539 1051 2607 Vicit
1084 2540 1350 2631 Olympia
1368 2590 1387 2623 ,
1429 2562 1581 2603 nunc
1592 2549 1750 2620 semo
1781 2564 1879 2603 con
1906 2543 2053 2606 edlu’
2087 2542 2337 2630 quiescit.
3214 2591 3218 2598 .

572 2625 677 2691 Ad
712 2624 890 2707 cujus
925 2623 1308 2689 senectutem
1338 2623 1489 2688 cum
1517 2624 1784 2689 etiamin
1829 2644 1935 2690 ens
1954 2628 2318 2706 paupertatis
2337 2630 2575 2690 malum
2592 2626 2972 2711 acceffiffet,
2993 2647 3061 2693 ca
3077 2629 3202 2693 ani·

571 2711 658 2772 mi
695 2708 1059 2773 fortitudine
1091 2708 1407 2789 utriusque
1439 2706 1770 2772 incommo
1815 2729 1850 2772 a
1879 2709 2278 2785 substinebat,
2325 2708 2487 2771 ut-iis
2507 2708 2699 2789 paene
2718 2710 3012 2776 oblectari
3042 2710 3204 2773 vide-

573 2806 760 2854 retur.
818 2787 995 2854 Obiit
1025 2791 1180 2854 inter
1199 2789 1546 2854 secundum
1564 2837 1583 2870 ,
1625 2809 1697 2853 ac
1721 2791 1978 2856 tertium
1995 2793 2233 2855 bellum
2251 2790 2559 2854 Punicum
2575 2839 2594 2868 ,
2638 2789 3013 2875 Olympiade
3031 2809 3203 2869 cun,

572 2883 771 2936 annos
806 2887 982 2936 natus
1015 2890 1170 2949 Lxx,
1201 2870 1552 2951 Caepione,
1596 2869 1654 2934 δε
1689 2870 1970 2954 Philippo
2006 2874 2233 2937 iterum
2265 2869 2434 2934 Coss.
2469 2888 2537 2935 ut
2564 2873 2626 2935 in
2645 2872 2894 2939 Catone
2914 2875 3088 2950 tradit
3105 2869 3208 2933 Ci-

575 2972 760 3029 cero;
802 2968 873 3016 ut
899 2967 1110 3018 autem
1141 2955 1205 3016 in
1242 2952 1474 3031 Brut0‚
1518 2952 1600 3032 Q.
1628 2951 1916 3033 Marcio,
1961 2954 2090 3018 Gn.
2125 2954 2409 3018 Servili0.
2467 2952 2614 3017 Nec
2639 2971 2961 3035 propterea
2987 2950 3204 3031 flbiipfi

576 3033 925 3098 inconstans
956 3035 1075 3113 est;
1118 3034 1268 3098 cum
1303 3035 1558 3099 eosdem
1588 3031 1811 3099 Livius
1844 3038 1945 3100 lib.
1973 3056 2076 3122 43.
2107 3035 2513 3116 Tabulaeque
2531 3035 2922 3117 Capitolinae
2940 3037 3019 3116 Q.
3034 3033 3204 3100 Mar·

575 3119 747 3180 cium
778 3116 1127 3199 Philippum
1158 3165 1175 3196 ‚
1223 3117 1350 3181 Gn.
1386 3115 1726 3181 Servilium
1769 3116 2158 3199 Caepionem
2188 3119 2538 3182 nominent.
2596 3119 2778 3183 Periit
2812 3120 3086 3184 maximo
3118 3135 3207 3179 ar·

573 3200 917 3263 ticulorum
949 3203 1256 3282 cruciatu,
1300 3218 1430 3281 quo
1448 3197 1623 3277 saepe
1659 3201 1742 3263 ob
1775 3201 2261 3265 immoderatum
2291 3200 2417 3264 vini
2448 3216 2672 3282 potum
2702 3204 3091 3267 vehementer
3121 3193 3207 3261 af-

578 3278 934 3347 flictabatur.
993 3279 1191 3347 Unde
1226 3281 1488 3345 Flaccus
1521 3283 1624 3344 lib.
1664 3301 1718 3345 1.
1750 3277 1936 3362 Epist.
3199 3295 3206 3306 ·
3245 3299 3248 3302 ¹

899 3362 1131 3426 Ennius
1158 3364 1266 3449 ipse
1287 3379 1458 3448 pater
1488 3381 1792 3448 nunquam
1828 3361 1936 3440 nili
1946 3378 2119 3451 potus
2147 3364 2229 3426 ad
2251 3385 2420 3428 arma

866 3500 875 3507 .
905 3444 1185 3522 Prosiluit
1225 3445 1462 3507 dicenda
1501 3479 1588 3496 ο·-
2406 3470 2413 3477 ·

574 3526 772 3609 Quod
805 3528 991 3592 etiam
1022 3529 1245 3592 vitium
1274 3527 1673 3603 Callisthenes
1705 3526 2009 3630 AEschylo
2043 3533 2307 3614 objecit,
2350 3549 2542 3612 quem
2579 3530 2967 3619 Tragoedias
2999 3527 3210 3594 scribe·

574 3631 642 3673 re
674 3610 913 3674 dicebat
934 3658 951 3690 ,
992 3610 1315 3694 postquam
1343 3612 1494 3675 vino
1529 3614 1868 3677 meraciore
1902 3612 2255 3679 incaluisset.
2301 3615 2601 3696 Idemque
2632 3618 2708 3680 de
2727 3616 3002 3692 Alcae0,
3048 3608 3210 3672 &A-

575 3691 916 3772 ristophane
950 3693 1268 3772 proditum
1298 3692 1399 3756 est.
1461 3691 1759 3758 Cratinus
1791 3695 2020 3760 eodem
2053 3699 2334 3761 laborans
2351 3698 2505 3761 vitio
2525 3748 2543 3779 ‚
2589 3701 2843 3782 negabat
2864 3690 3236 3780 quempiam.

579 3776 821 3837 bonum
897 3777 1105 3838 oe'tam
1138 3776 1391 3864 evadere
1425 3773 1627 3856 posse,
1670 3776 1777 3840 nisi
1819 3778 2173 3843 immodicis
2219 3781 2372 3843 meri
2407 3781 2823 3859 potationibus
2853 3779 3208 3858 indulgeret²

578 3853 833 3933 Quare.
885 3857 1142 3921 {ceratus
1160 3858 1224 3921 in
1240 3858 1516 3939 quodam
1535 3853 1648 3937 Epi
1694 3877 1995 3924 rammate
2028 3859 2288 3942 scripsit,
2336 3859 2576 3928 Vinum
2606 3865 2804 3944 po'e‘tis
2837 3855 2974 3943 equi
3010 3864 3210 3943 magny,

580 3940 730 4081 locdo
765 3934 881 4000 effe
915 3986 943 4035 ,·
977 3958 1093 4004 nec
1124 3959 1315 4023 aquae
1349 3954 1502 4023 potu
1539 3939 1635 4006 fru
1704 3941 1931 4009 uosum
1964 3945 2110 4030 quid
2143 3943 2350 4025 perfici
2385 3943 2586 4025 poste.¹
2631 3944 2898 4010 Serenus
2931 3932 3209 4006 dte-Eum

581 4035 665 4098 po
711 4038 849 4104 agra
891 4036 973 4086 ait
1007 4070 1025 4104 ,
1488 4045 1495 4052 ·
1895 4095 1906 4106 ,
2179 4071 2188 4080 -

590 4141 605 4150 ·
3092 4089 3213 4158 En-
