3470 4568
185 247 224 260 -
666 180 823 259 Ex
937 182 1704 264 INcnRrrs
1819 181 2436 266 ana1sl

225 441 230 448 ·
338 377 697 464 Vulturis
734 386 813 462 in
847 373 1088 462 filveis
1121 321 1476 464 miserffir
1512 379 1915 468 mandebat
1947 379 2413 471 homonem.

2723 211 3064 294 141..

2582 408 2722 484 Xrisc.
2740 411 2882 467 libs.

344 501 536 580 Heu
570 492 805 603 quarn
837 488 1167 620 crudelei
1207 490 1580 580 condebat
1616 494 1952 581 membra
1983 495 2401 612 sepulchro,

214 704 648 767 similitudinem
672 703 916 779 accedit,
937 707 1073 764 ‘non
1102 704 1284 766 solum
1310 705 1518 790 digitis,

216 786 630 862 unguibusque
668 801 911 877 quorum
949 781 1056 841 alia
1101 784 1353 843 animalia
1392 786 1516 845 sunt

217 863 517 939 expertia,
567 878 765 917 verum
806 861 973 917 etiarn
1002 877 1215 952 praeter
1240 862 1516 940 genitale,

219 940 464 996 caeteris
505 936 763 994 omnibus
799 935 1026 994 humani
1069 940 1315 1015 corporis
1354 941 1515 1018 parti·

222 1013 353 1072 bus.
516 1029 808 1091 uapropter
833 1012 994 1091 prisci
1020 1011 1099 1071 illi
1122 1031 1398 1073 anatomes
1424 1036 1516 1095 pe·

221 1091 354 1162 riti,
395 1087 723 1169 priusquam
763 1089 1002 1148 humana
1045 1089 1302 1149 cadavera
1326 1091 1522 1152 discer-

270 1185 365 1225 ere
396 1164 508 1224 aufi
535 1163 739 1238 effent,
779 1164 955 1224 fimias
970 1166 1304 1228 incidebant.
1341 1169 1520 1227 Inhas

228 1186 435 1302 gestias
468 1243 751 1321 Cercopes
798 1258 1039 1300 mutatos
1074 1242 1228 1302 fuiffe
1242 1286 1264 1315 ‚
1317 1243 1521 1305 Poetae

231 1320 545 1378 commenti
571 1322 726 1377 sunt:
766 1318 836 1378 de
862 1320 1066 1397 quibus
1099 1319 1271 1378 Ovid.
1300 1319 1399 1380 lib.
1426 1342 1520 1401 pe-

236 1395 485 1454 nultimo
511 1395 734 1474 majoris
755 1398 981 1474 ¹operis3

312 1477 575 1531 Inarimen
590 1515 612 1544 ‚
631 1470 1001 1551 Prochytenque
1023 1471 1137 1548 legit
1151 1514 1171 1544 ,
1185 1471 1436 1550 sterilique
1450 1473 1519 1532 lo·

468 1565 606 1607 caras

311 1626 456 1685 colle
468 1626 747 1699 Pithecusas
761 1669 783 1699 ,
795 1625 1120 1686 habitantum
1130 1627 1329 1685 nomine
1340 1625 1521 1685 dieras.

315 1707 510 1782 Quippe
526 1703 893 1780 Deimgmitor
905 1702 1144 1781 fraudem
1156 1745 1178 1776 ,
1215 1721 1277 1761 ac
1298 1701 1522 1780 perjuria

309 1801 583 1934 cncossum
598 1860 767 1933 exosus
778 1899 798 1929 ,
808 1858 968 1933 gentis
1002 1877 1062 1915 ue
1071 1857 1283 1934 adnnffiz
1296 1855 1484 1933 dolosae

313 1943 378 1991 In
397 1936 618 2006 deforme
631 1934 876 1992 virosan'
997 1939 1251 2006 mutavit,
1264 1949 1319 1989 ut
1343 1935 1500 1991 iidem

324 2011 590 2082 Diffrrniles
606 2010 983 2086 hominipoffent
999 2053 1021 2082 ‚
1032 2009 1320 2086 similesque
1335 2011 1522 2067 videri.

137 2114 231 2156 ιη
251 2085 564 2144 Confirmat
605 2090 910 2168 Xenagoras
959 2087 1102 2166 apud
1154 2086 1416 2156 Suidam,
1467 2089 1524 2143 δι

245 2164 735 2243 Harpocrationem
766 2207 790 2237 ,
860 2163 1044 2222 Cerco
1181 2163 1226 2229 ἒς
1249 2160 1524 2230 ,πιθῆκους

251 2258 491 2299 mutatos
522 2239 708 2314 fuiffe,
749 2247 803 2301 &
832 2241 898 2299 ab
927 2243 1005 2300 eis
1083 2239 1380 2299 ithecusam
1422 2237 1525 2300 effe

248 2318 596 2397 appellatam.
688 2318 780 2377 Est
821 2335 1010 2376 autem
1067 2317 1199 2376 haec
1248 2316 1526 2395 Tyrrheni

248 2397 410 2455 maris
440 2395 615 2455 insula
641 2396 698 2454 in
730 2394 847 2454 finu
874 2394 1208 2466 Puteolano,
1235 2412 1399 2471 quam
1416 2393 1527 2453 Pli-

247 2474 371 2531 nius
401 2471 444 2530 l.
478 2494 533 2551 3.
564 2494 616 2531 c.
644 2484 701 2531 6.
731 2471 889 2545 vult,
942 2492 1059 2530 non
1087 2472 1168 2529 ita
1194 2472 1227 2528 εὶ
1255 2470 1526 2529 simiarum

246 2548 610 2610 multitudine
642 2548 839 2607 distam
870 2548 1023 2607 fuisse
1052 2590 1074 2621 ,
1126 2547 1218 2606 scd
1244 2550 1278 2607 εἰ
1318 2545 1527 2626 figlinis

248 2626 628 2684 doliariorum.
665 2628 888 2685 Notum
916 2623 1217 2683 estGmece
1249 2627 1410 2690 πίθος
1426 2624 1522 2682 do-

248 2702 383 2762 lium
407 2703 696 2782 appellari.
762 2704 962 2761 Eadem
992 2701 1100 2760 alio
1124 2702 1353 2760 nomine
1371 2744 1390 2773 ‚
1432 2701 1523 2761 sed

247 2800 367 2839 non
391 2779 601 2839 diversa
629 2781 841 2839 ratione
868 2780 1105 2838 Inarime
1131 2798 1358 2855 quoque
1390 2777 1525 2836 dici-

245 2875 372 2929 tur,
412 2856 479 2916 ab
504 2858 742 2928 ArimiS‚
838 2872 911 2914 uo
951 2855 1181 2915 nomine
1210 2852 1422 2912 Etrusci
1460 2853 1522 2913 fi·

245 2935 380 2992 mias
413 2952 636 2992 vocant.
709 2938 788 2991 Ae
812 2932 1010 2992 chiron
1041 2930 1175 2991 vcro
1204 2932 1262 2988 in
1288 2928 1525 3010 Epheffi-

243 3011 324 3070 dis
348 3011 464 3082 ait,
502 3030 589 3069 eas
619 3010 816 3068 insulas
844 3011 1122 3089 quondam
1148 3009 1410 3087 Gigantes
1442 3007 1522 3065 in·

241 3087 469 3146 coluiss‘e
486 3129 508 3158 ,
537 3089 647 3164 qui
675 3086 805 3145 cum
831 3090 863 3144 a
887 3090 1055 3163 Jove,
1096 3089 1152 3144 in
1170 3103 1336 3162 quem
1351 3080 1523 3162 impie

243 3167 550 3233 irruerant,
590 3165 820 3242 superati
852 3166 1058 3234 effent,
1094 3165 1141 3220 is
1161 3164 1419 3220 immania
1434 3181 1524 3219 eo·

248 3260 377 3299 rum
410 3241 561 3297 dorsa
592 3240 890 3300 insularum
917 3239 1160 3319 pondere
1188 3236 1525 3316 comprcffit‚

245 3317 530 3394 fimiisque
579 3317 896 3376 incolendas
988 3313 1189 3407 ermifit
1290 3317 1355 3371 ln
1407 3333 1527 3372 cam

247 3412 480 3551 {2333
511 3394 1429 3542 fflfflssfissttffs“tssuzzsz‘ssff?
1459 3390 1529 3524 ‘1³3

245 3569 417 3627 quem
435 3590 456 3620 ,
497 3548 765 3624 quoniam
795 3549 1072 3606 Homerus
1101 3564 1216 3607 non
1249 3542 1531 3601 modoim·

241 3624 546 3705 puriffimis
574 3624 853 3694 moribuS,
891 3623 982 3683 sed
1005 3623 1286 3690 omnium,
1333 3620 1430 3697 qui
1465 3619 1533 3678 ad

239 3703 476 3781 Trojam
506 3700 741 3779 profeffi
769 3718 923 3760 erant
953 3742 974 3772 ,
1033 3695 1403 3775 turpiffimum
1443 3696 1533 3756 de·

245 3781 461 3857 pinxit,
479 3776 684 3836 merito
708 3775 866 3834 Plato
892 3778 1014 3835 raim
1038 3774 1347 3833 deformem
1375 3796 1535 3843 mra-

243 3856 507 3929 μόρφωσιν
523 3870 872 3912 commentus
893 3853 998 3912 est:
1039 3851 1186 3910 unde
1202 3849 1536 3928 Lycophron

245 3933 643 4007 πιθηκόμορφον
682 3928 993 4009 appellavit.
1069 3931 1139 3987 Et
1180 3929 1442 4005 quoniam
1473 3924 1535 3983 fi-

243 4009 390 4068 miae
419 4011 628 4067 mirum
659 4008 718 4064 in
751 4006 979 4065 modum
1010 4005 1302 4064 hominum
1337 4002 1537 4082 gestus,

240 4084 610 4165 afflonesque
664 4083 883 4145 student
909 4134 913 4138 Α
936 4084 1137 4144 imitari
1165 4124 1188 4158 ,
1255 4079 1534 4160 Myniscus

1599 704 1744 769 Calli
1788 708 1935 770 idem
1969 708 2292 770 histrionem
2311 750 2333 781 ,
2387 713 2442 770 δι
2474 706 2881 771 Demosthenes

1597 787 1734 846 Aesc
1781 790 1928 846 inem
1959 828 1981 858 ,
2029 787 2207 846 nimii
2230 788 2477 867 corporis
2507 788 2759 847 motione
2786 806 2883 866 ge-

1597 862 1849 935 stientes,
1887 863 2081 922 Simias
2105 864 2470 943 appellarunt.

1676 944 1989 1000 Vutrmus
2014 958 2080 997 m
2113 946 2371 1018 sxtvms]
2409 939 2616 999 Vultur
2643 942 2758 999 avis
2780 933 2883 998 nb-

1600 1014 1802 1074 riffima
1829 1015 1938 1086 est,
1976 1032 2118 1093 quae
2148 1015 2385 1075 humana
2414 1015 2670 1073 cadavera
2694 1014 2886 1075 avidis·

1607 1090 1743 1151 {ime
1772 1092 2000 1185 appetit.
2076 1092 2246 1151 Unde
2269 1090 2642 1170 pulcherrima
2672 1091 2889 1150 transsa-

1602 1170 1759 1227 tione
1800 1188 1861 1226 ιη
1897 1188 2031 1238 eos,
2069 1170 2169 1244 qui
2209 1168 2601 1228 haereditatem
2632 1165 2888 1237 inhiant,

1601 1244 1810 1304 distum
1836 1244 1915 1304 est
1926 1288 1947 1316 ,
1988 1245 2170 1301 Vultur
2200 1266 2248 1303 es
2264 1288 2284 1318 ,
2297 1246 2518 1303 cadaver
2541 1247 2757 1322 expee'la.
2799 1242 2887 1303 Ad

1599 1322 1753 1401 quod
1783 1321 2071 1400 respiciens
2097 1322 2363 1381 Martialis
2387 1324 2462 1380 ait
2480 1365 2501 1393 ,

1676 1401 1837 1476 Cujus
1865 1400 2090 1455 vallaris
2126 1398 2215 1456 hoc
2243 1403 2340 1455 erit
2367 1400 2586 1457 cadaver
2601 1413 2625 1458 ‚²

1601 1477 1749 1533 Hinc
1781 1478 1956 1533 etiam⁴
1970 1477 2069 1551 qui
2101 1473 2397 1533 seditiones
2415 1477 2688 1545 excitant,
2731 1489 2793 1530 ut
2806 1474 2883 1531 ci-

1598 1554 1756 1610 vium
1783 1568 1980 1609 eruore
2012 1548 2067 1607 sc
2093 1551 2354 1627 expleant
2373 1591 2393 1620 ,
2430 1550 2675 1608 vulturii
2692 1548 2883 1607 dicun-

1601 1644 1715 1685 tur.
1790 1631 1877 1686 M.
1899 1623 2163 1686 Aemilius
2209 1627 2442 1685 Scaurus
2477 1627 2540 1683 in
2579 1626 2796 1683 afflone
2832 1644 2889 1681 2.

1605 1705 1805 1763 contra
1840 1704 1927 1779 Q.
1957 1702 2336 1780 Caepionem3
2380 1702 2890 1780 Nefarius,inquit,

1605 1779 1869 1837 Vultur-im
1884 1821 1906 1850 ‚
1932 1783 2137 1856 patriae
2158 1781 2435 1857 parricida.
2473 1779 2677 1839 Cicero
2705 1781 2765 1836 in
2795 1781 2889 1838 Pi-

1602 1856 1829 1928 sonem,
1861 1857 2156 1933 provinciae
2195 1857 2484 1915 Vulturina.
2556 1855 2787 1915 Plautus
2825 1858 2891 1915 in

1602 1936 1879 1994 Trinumo
1909 1954 2013 2012 pro
2041 1934 2217 2013 turpis
2238 1932 2382 1992 lucri
2400 1933 2596 2005 avido,
2633 1952 2695 1993 ac
2714 1935 2891 2012 rapae-i

1603 2008 1904 2070 admodum
1934 2013 2142 2088 accepit
2159 2051 2179 2080 ,

1688 2096 1740 2146 T
1730 2107 1822 2146 um
1850 2101 2026 2144 autem
2041 2087 2168 2164 sum
2182 2085 2277 2143 alii
2286 2128 2308 2160 ‚
2324 2087 2427 2164 qui*
2442 2100 2492 2142 te
2504 2084 2791 2142 volturium
2805 2104 2894 2143 vo-

1833 2178 1951 2221 cant
1971 2186 1988 2220 .·

1683 2240 1849 2311 Hostes
1874 2261 1938 2299 ne
1952 2282 1971 2313 ,
1986 2245 2202 2301 anci-ves
2226 2241 2465 2313 comedis,
2473 2240 2854 2318 parvipendere.

1609 2319 1883 2378 Observat
1909 2317 2183 2378 Charisius
2214 2319 2257 2376 l.
2280 2338 2330 2376 1.
2365 2319 2660 2397 Virgilium
2681 2319 2892 2391 vultur,

1609 2414 1673 2455 ut
1700 2413 1885 2455 turtur
1907 2393 2128 2468 dixisse,
2166 2399 2411 2454 Ennium
2444 2393 2577 2454 vero
2606 2396 2893 2467 vulturus,

1608 2471 1767 2550 cujus
1801 2471 2014 2531 versum
2043 2475 2122 2530 ita
2152 2472 2203 2531 le
2248 2476 2289 2531 it
2307 2514 2326 2544 ,

1601 2597 1611 2607 .
1687 2551 1930 2608 Vulturna
1941 2554 1996 2605 in
2007 2492 2430 2627 spinetojgupkzum
2444 2547 2714 2607 mandebas
2725 2545 2892 2606 homo·

1831 2645 1966 2682 nem.

1604 2701 1831 2760 Servius
1860 2719 2051 2757 autem
2077 2698 2219 2758 iic-1.
2236 2710 2293 2756 6.
2312 2701 2449 2755 Aen.

1682 2776 1924 2836 Vulturna
1934 2777 1989 2832 in
2005 2787 2173 2851 campo
2185 2774 2423 2851 mtserum
2438 2770 2711 2831 mandabat
2723 2769 2892 2829 homo⁴

1837 2871 1974 2912 nem.
2162 2872 2165 2873 ⁷

1683 2934 1968 2992 Mrstnun
2011 2946 2328 2988 marenx-:nar
2360 2930 2391 3005 ]
2444 2926 2697 2985 Vulturis
2734 2943 2895 2985 natu-

1604 3026 1722 3067 ram
1738 3006 1977 3088 explicat
1995 3050 2013 3078 ,
2028 3008 2126 3084 qui
2159 3005 2301 3064 nihil
2319 3002 2349 3063 ὲ
2369 3024 2508 3063 terra
2535 3005 2743 3062 editum
2761 3005 2902 3062 edit.

1606 3085 1714 3145 Sed
1747 3103 1844 3143 cur
1874 3105 1944 3143 ex
1972 3084 2331 3154 homiuibus,
2351 3082 2584 3159 aliisque
2605 3085 2894 3139 animanti·

1605 3161 1708 3219 bus
1751 3160 1944 3218 oculos
1993 3158 2280 3237 praecipue
2314 3175 2559 3235 appetat,
2617 3159 2893 3233 Antonius

1608 3237 1871 3294 Liberalis
1911 3237 1971 3292 in
2001 3235 2093 3293 sua
2133 3234 2573 3310 μετιμορφύηον
2602 3234 2895 3308 συναγωγῇ

1611 3312 1893 3371 historiam
1922 3312 2107 3371 refert.

1690 3390 1997 3447 Honorum
2017 3391 2045 3463 ]
2087 3383 2394 3444 Priscianus
2408 3382 2570 3441 tradit
2598 3382 2636 3440 l.
2658 3403 2707 3442 ι.
2722 3387 2896 3443 Vetu-

1613 3461 1866 3524 stiffimos
1897 3464 2072 3524 homo
2100 3463 2395 3534 homenis,
2413 3461 2769 3519 &huminem
2789 3482 2894 3541 pro

1613 3541 1901 3601 hominem
1932 3538 2134 3600 dixiffe.
2189 3538 2380 3616 Aliqui
2412 3536 2580 3607 vero,
2619 3548 2896 3595 Homonem

1614 3622 1904 3698 proprium
1934 3619 2036 3675 viri
2070 3635 2278 3676 nomen
2309 3611 2412 3674 effe
2448 3614 2692 3673 censent.
2757 3617 2895 3673 Aliis

1615 3696 1798 3773 placet
1821 3691 2237 3765 hominem-,aliis
2261 3691 2519 3757 bernonem
2550 3690 2894 3749 scribendum

1617 3768 1751 3830 effe:
1792 3791 1954 3844 nam,
1993 3788 2054 3828 ut
2085 3772 2159 3827 ait
2178 3769 2393 3839 Festus,
2435 3771 2688 3826 Hemona
2704 3766 2893 3824 huma·
2912 3789 3007 3838 233·

1617 3867 1687 3906 na
1706 3889 1724 3917 ,
1765 3852 1817 3907 &
1851 3848 2148 3906 hemonem
2184 3845 2473 3903 hominem
2506 3843 2776 3901 dicebant.

1693 3926 1967 3983 Cnumzu
2025 3939 2336 3979 cononem·
2394 3937 2641 3978 uentu
2693 3936 2893 3975 staur.-

1618 4001 1819 4078 cflao]
1862 4000 2114 4079 Eleganti
2135 3996 2259 4057 sane
2287 3995 2631 4056 transsatione
2657 4011 2759 4068 pro
2775 4012 2899 4049 cru-

1618 4078 1732 4139 deli
1760 4075 2051 4157 sepulchro
2080 4074 2333 4210 Vultursis
2359 4090 2555 4150 corpus
2593 4067 2896 4159 intelligis-3

2346 4168 2374 4225 3
2837 4163 2905 4203 *ἢ
2936 4188 2943 4196 ·
