3470 4568
77 126 107 335 ·**=-·⁷

502 338 1507 468 HISTORIA
1564 345 1793 465 ΑΒ
1912 345 2660 467 ANNALI

1284 566 1374 650 in
1417 592 1588 678 quo
1627 562 1972 650 differat.

1080 777 1336 853 Cicero
1370 774 1547 850 libro
1589 799 1655 850 2..
1694 778 1783 852 de
1820 779 2138 853 Oratore.
2443 857 2456 860 ‚

462 885 560 953 Ge
601 875 754 949 verb
774 927 801 970 ‚
852 883 1059 975 inquit
1096 874 1412 949 Antonius
1434 927 1459 968 ‚
1526 881 1733 971 qualis
1769 881 2063 948 Oratoris
2077 929 2105 970 ‚
2174 876 2251 950 ὠ·
2285 885 2504 972 quanti
2536 880 2797 952 hominis
2847 891 2914 953 in

474 977 738 1050 dicendo
778 998 966 1078 putas
1022 980 1139 1066 effe
1172 975 1484 1068 historiam
1518 974 1803 1067 scribere
1838 984 1870 1044 ?
1948 980 2065 1067 Si,
2132 1001 2202 1047 ut
2238 981 2470 1047 Graeci
2488 980 2869 1080 scripserunt
2887 1034 2913 1074 ,

450 1083 737 1170 summi,
787 1084 993 1170 inquit
1028 1077 1325 1162 Catulus3
1357 1077 1465 1167 si,
1513 1098 1582 1144 ut
1617 1072 1847 1168 nostri,
1895 1074 2063 1145 nihil
2100 1099 2239 1178 opus
2276 1073 2355 1167 est
2392 1078 2708 1149 Oratore:
2747 1084 2914 1170 satis

260 1175 345 1268 est
378 1203 505 1246 non
539 1180 654 1265 effe
687 1176 1076 1245 mendacem.
1173 1181 1392 1268 Atqui
1441 1200 1517 1243 ne
1557 1170 1777 1263 nostros
1832 1197 2180 1245 contemnas
2214 1223 2239 1265 ,
2306 1180 2506 1271 inquit
2543 1183 2864 1247 Antonius
2887 1231 2913 1272 ,

263 1282 503 1345 Graeci
535 1299 770 1370 quoque
806 1275 1031 1375 ipfistc
1064 1277 1239 1342 initio
1263 1276 1706 1374 scriptitarunt
1725 1295 1834 1363 ‚ut
1868 1270 2060 1363 noster
2077 1281 2226 1344 Cato
2245 1323 2270 1364 ‚
2287 1297 2357 1344 ut
2393 1277 2606 1345 Pistor
2622 1326 2647 1367 ‚
2664 1301 2734 1347 ut
2755 1282 2910 1368 Piso.

273 1380 445 1443 Erat
478 1380 641 1443 enim
672 1371 930 1464 historia
962 1370 1125 1440 nihil
1156 1373 1381 1462 aliud,
1423 1373 1545 1459 nist
1559 1374 1923 1441 Annalium
1960 1371 2292 1465 confefli03
2346 1372 2516 1474 cujus
2551 1383 2648 1443 rei
2681 1402 2911 1447 memo-

284 1477 532 1564 riaeque
550 1470 847 1571 publicae
881 1471 1248 1541 retinendae
1285 1473 1490 1558 catrffa
1505 1519 1531 1560 ‚
1581 1465 1661 1540 ab
1697 1477 1876 1539 initio
1909 1496 2125 1540 rerum
2163 1477 2587 1541 Romanarum
2619 1475 2802 1568 usaue
2819 1476 2910 1547 ad

280 1574 360 1640 P.
395 1576 690 1639 Mntiscm
729 1576 916 1640 Pont.
956 1573 1164 1638 Max.
1223 1594 1325 1639 res
1360 1594 1565 1640 omnes
1596 1572 1984 1666 fingulorum
2018 1595 2319 1639 annorum
2351 1568 2696 1639 mandabat
2731 1574 2906 1640 litte-

266 1673 361 1735 ris
394 1674 580 1737 Pont.
622 1674 836 1737 Max.
874 1665 1284 1762 efferebatque
1319 1672 1388 1737 in
1423 1664 1679 1757 album,
1729 1664 2202 1767 &proponebat
2237 1663 2520 1739 tabulam
2555 1666 2768 1758 domi,
2789 1688 2908 1769 po-

262 1762 443 1855 testas
478 1791 548 1836 ut
584 1769 722 1855 effet
746 1769 971 1867 populo
1006 1767 1398 1864 cognoscendi
1430 1815 1456 1856 ‚
1522 1766 1704 1858 hique
1742 1772 1932 1835 etiam
1964 1792 2128 1835 nunc
2165 1767 2464 1836 Annales
2495 1773 2766 1836 maximi
2798 1794 2909 1839 no·
2963 1846 2972 1854 ‚

258 1872 617 1935 minantur.
714 1872 913 1935 Hanc
947 1866 1434 1952 similitudinem
1472 1861 1799 1955 scribendi
1849 1867 2035 1934 multi
2072 1868 2321 1959 ssquuti
2363 1864 2515 1951 sisnt
2532 1913 2557 1954 ‚
2624 1871 2733 1959 qui
2760 1870 2905 1955 stne

259 1967 420 2033 ullis
454 1971 833 2033 ornamentis
863 1956 1239 2034 monimenta
1259 1966 1466 2054 solum
1500 1983 1841 2064 temporum
1862 2011 1887 2053 ,
1938 1963 2251 2039 bominum
2266 2012 2291 2053 ‚
2342 1965 2614 2032 locorum
2633 2013 2658 2054 ‚
2694 1963 2900 2062 gesta-

266 2087 540 2154 rumque
574 2088 780 2131 rerum
817 2065 1225 2156 reliquerunt.
1279 2067 1501 2155 Itaque
1534 2064 1737 2157 qualis
1775 2060 1942 2161 apud
1979 2056 2248 2131 Graecos
2286 2057 2676 2162 Pherecydes
2691 2112 2717 2151 ,
2738 2064 2906 2133 Hel-

271 2162 570 2250 laniem,
619 2163 949 2247 Acufilaus
971 2161 1152 2254 fuit,
1202 2163 1436 2255 aliique
1457 2163 1805 2260 permulti,
1869 2163 2021 2230 talis
2057 2155 2252 2246 noster
2289 2165 2439 2227 Cato
2459 2207 2484 2248 ‚
2534 2157 2609 2229 <3²⁷⁸
2647 2163 2905 2252 Pictor,

274 2257 359 2330 (ῥ’
394 2262 537 2350 Paefi
550 2310 577 2350 ,
624 2267 727 2354 qui
756 2287 954 2355 neque
986 2283 1236 2349 tenent,
1286 2256 1504 2353 quibus
1538 2254 1719 2328 rebus
1756 2281 2007 2329 ornetur
2039 2264 2232 2329 oratio
2288 2253 2514 2351 (modo
2547 2252 2733 2330 'enim
2782 2259 2903 2330 huc

263 2355 382 2448 ista
392 2362 550 2448 sunt
582 2361 956 2461 importata)
1008 2356 1084 2432 ὠ
1118 2357 1271 2442 dum
1302 2361 1742 2456 intelligatur,
1794 2359 1948 2452 quid
1983 2357 2203 2432 dicant
2220 2406 2245 2449 ,
2262 2383 2453 2426 unam
2485 2357 2744 2428 dicendi
2761 2359 2906 2429 lau-

268 2457 421 2525 dem
441 2479 675 2560 putant
713 2460 828 2547 effe
866 2455 1264 2528 brevitatem.

1174 2552 1478 2652 Agellius
1510 2550 1626 2626 lib.
1675 2575 1743 2648 5.
1778 2578 1840 2626 c.
1873 2551 1983 2626 18.

388 2652 739 2746 Historiam
772 2652 853 2724 ab
889 2650 1258 2724 Annalibus
1291 2652 1547 2748 quidam
1582 2650 1842 2752 dff’rre
1881 2681 1946 2724 eo
1968 2674 2198 2755 putant
2216 2703 2239 2742 ‚
2290 2654 2452 2748 quod
2485 2650 2629 2723 cum
2659 2678 2905 2724 utrum-

267 2779 388 2848 que
408 2756 498 2840 stt
531 2780 749 2824 rerum
769 2751 1085 2850 gestarum
1117 2760 1401 2836 narratio
1419 2801 1444 2842 ‚
1493 2778 1712 2822 earum
1743 2776 1952 2822 tamen
1970 2748 2224 2852 proprii
2257 2747 2471 2820 rerum
2482 2756 2572 2840 stt
2608 2751 2858 2844 historia
2876 2803 2904 2844 ‚

271 2850 493 2945 quibus
528 2850 714 2921 rebus
736 2851 1042 2951 gerendis
1076 2850 1440 2944 interfuerit
1475 2858 1528 2918 is
1545 2900 1570 2941 ‚
1619 2854 1727 2944 qui
1759 2873 1999 2920 narret.
2088 2856 2375 2942 Eamque
2409 2854 2526 2939 effe
2562 2856 2903 2951 opinionem

274 2953 709 3044 quorundam,
776 2956 1037 3019 Verrius
1072 2952 1333 3019 Flaccus
1387 2949 1589 3041 refert
1638 2956 1706 3018 in
1761 2946 1922 3019 libro
1959 2950 2038 3018 de
2069 2949 2527 3047 fignificatione
2562 2948 2900 3021 verborum

266 3073 516 3141 quarto.
617 3057 734 3120 Ac
754 3053 826 3140 se
860 3048 1114 3143 quidem
1146 3046 1437 3120 dubitare
1456 3049 1646 3149 sitper
1680 3073 1754 3116 ea
1790 3073 1862 3117 re
1914 3047 2093 3117 dicit.
2198 3051 2368 3137 Poſje
2421 3072 2629 3117 autem
2682 3051 2901 3120 videri

254 3168 446 3248 putat
466 3198 492 3239 ‚
542 3175 662 3217 non
695 3148 861 3216 nihil
894 3149 1007 3235 eſje
1043 3152 1303 3216 rationis
1337 3151 1404 3215 in
1439 3173 1515 3216 ea
1549 3151 1865 3246 opinione,
1915 3141 2079 3237 quod
2114 3142 2361 3234 historia
2397 3144 2637 3240 Graeci
2652 3149 2901 3242 fignifi-

269 3270 371 3316 cat
408 3272 626 3316 rerum
644 3251 1042 3343 cognitionem
1064 3248 1503 3345 praesentium.
1556 3242 1689 3310 Sed
1720 3268 1826 3310 nos
1861 3245 2086 3313 audire
2103 3248 2281 3334 soliti
2292 3248 2507 3335 firmus
2523 3294 2548 3333 ,
2600 3251 2902 3315 Annales

270 3352 516 3413 omnino
568 3343 644 3411 id
676 3347 836 3433 effe,
900 3342 1064 3437 quod
1089 3340 1376 3431 historiae
1409 3344 1587 3429 stnt;
1657 3339 1935 3432 historias
1986 3369 2104 3410 non
2136 3349 2374 3411 omnino
2408 3342 2480 3410 id
2518 3345 2670 3431 effe,
2737 3345 2900 3435 quod

269 3447 576 3520 Annales
590 3443 747 3529 sint.
847 3447 1049 3510 Sicuti
1078 3442 1242 3534 quod
1275 3439 1355 3532 est
1388 3440 1603 3530 bomo,
1654 3439 1727 3507 id
1762 3441 2088 3525 neceffizrio
2123 3442 2364 3507 animal
2399 3442 2553 3529 effe,
2621 3442 2785 3531 quod
2817 3439 2899 3530 est

270 3545 561 3631 animal,
613 3565 732 3608 non
765 3538 841 3607 id
872 3542 1095 3627 neceſje
1129 3537 1209 3630 est
1244 3537 1550 3607 hominem
1584 3542 1717 3625 effi.
1821 3537 1925 3604 Ita
1961 3533 2239 3627 historias
2288 3539 2539 3630 quidem
2575 3541 2685 3626 eſje
2724 3539 2902 3640 ajunt

270 3666 492 3710 rerum
517 3634 871 3736 gestarum,
919 3642 1030 3708 vel
1061 3640 1526 3737 expositionem,
1543 3638 1652 3704 vel
1684 3630 2300 3725 demonstrationem,
2349 3639 2461 3704 vel
2494 3661 2607 3728 quo
2646 3638 2769 3706 alio
2788 3663 2897 3705 no-

271 3747 446 3808 mine
481 3740 554 3806 id
585 3735 921 3806 dicendum
956 3733 1054 3825 est.
1126 3738 1422 3805 Annales
1451 3730 1605 3802 verb
1642 3738 1798 3824 effe,
1850 3731 1992 3802 cum
2027 3760 2125 3801 res
2146 3730 2350 3830 gestae
2370 3736 2657 3833 plurium
2705 3760 2898 3802 anno-

270 3864 465 3927 rum,
514 3834 828 3926 observato
864 3835 1144 3933 cujusque
1179 3841 1327 3902 anni
1364 3833 1582 3902 ordine
1600 3881 1625 3922 ‚
1675 3834 1961 3930 deinceps
1996 3852 2447 3929 componuntur.
2549 3828 2709 3899 Cum
2744 3829 2899 3900 verb

273 3960 401 4002 non
420 3955 546 4034 per
579 3955 808 4021 annos,
857 3934 979 4022 ῥά
1016 3953 1139 4033 per
1173 3931 1307 4000 dies
1341 3933 1618 4028 fingulos
1671 3955 1772 3998 res
1812 3926 2018 4025 gestae
2055 3927 2458 4019 scribuntur,
2527 3955 2599 3997 ea
2651 3927 2903 4018 historia

267 4036 520 4105 Graeco
552 4028 848 4103 vocabulo
882 4036 1174 4120 ἐφημερίς
1204 4029 1462 4099 dicitur.
1535 4025 1720 4172 Cujssts
1729 4032 2062 4171 *Latinum
2097 4032 2713 4129 interpretamentum
2734 4029 2903 4116 firi-

654 4131 663 4140 .
1683 4173 1727 4219 :ff
1771 4171 1820 4224 ᾖ,
1867 4148 1913 4200 2-
2725 4140 2910 4226 ptum
