3470 4568
913 213 1056 291 IN
1173 210 1818 316 QENNII

583 233 748 312 344

1930 211 2895 291 FRAGMENTA

582 337 800 415 prorsus
819 341 1069 397 omnium
1090 341 1482 417 exemplarium
1514 339 1700 398 lectio.
1743 341 1866 398 Cur
1947 341 2074 398 riit:
2129 337 2349 416 ipsaque
2382 326 2626 398 Oenone
2683 337 2737 398 se
2778 340 2838 397 in
2876 357 3078 417 rogum
3120 336 3236 415 ejus

583 434 717 491 ergo
751 415 807 472 id
842 422 894 473 &
921 420 1191 474 amicitiae
1210 423 1262 475 δι
1281 419 1493 475 veritati
1520 417 1864 475 non-tribue·
1948 416 2302 496 praecipitem
2332 416 2517 483 dedit3
2562 416 2999 494 QSmyrnaeus
3030 416 3233 473 lib-10.

584 498 745 548 rem?
784 496 888 549 nec
921 498 1105 551 t'amen
1133 495 1296 550 etiam
1333 513 1480 550 nunc
1521 491 1865 571 persanatum
1949 513 2018 550 an
2047 494 2155 550 hoc
2191 495 2358 570 igitur
2385 494 2595 551 fabulae
2625 502 3058 572 argumentum?
3097 494 3233 564 sane,

588 565 774 624 locum
798 570 974 626 Nonii
991 568 1276 627 affirmem.
1311 570 1488 626 sanior
1505 587 1650 627 certe
1668 588 1869 645 ,quam

588 642 699 701 hoc
723 645 912 722 past03
956 655 1120 701 Ducet
1135 647 1517 723 quadrupedum
1534 648 1649 721 jugo
1680 648 1875 716 invita,

592 722 829 791 indomu,
846 719 1108 795 infraenis,
1127 742 1195 784 <7
1214 723 1330 796 jugo
1360 723 1545 779 valida
1575 742 1788 799 quorum
1805 736 1876 778 te·

592 800 741 854 nucia
771 793 1044 870 inflamari
1068 800 1216 855 minis
1243 802 1436 874 nequit.
1478 800 1765 857 Durum.

667 881 831 928 Ducet
860 874 1244 950 quadrupedum
1284 876 1433 953 &c.]
1480 876 1731 932 Hestoris
1774 878 1876 932 Lu·

589 947 708 1006 stris
739 948 869 1007 etim
903 951 1046 1009 illud
1076 953 1419 1022 narrabatur,
1461 968 1523 1008 ut
1560 953 1876 1010 exanimum

593 1025 850 1083 Hcstoris
880 1047 1076 1105 corpus
1117 1047 1250 1086 auro
1287 1028 1595 1086 vendiderit
1639 1027 1879 1087 Achilles

592 1101 770 1180 (unde
787 1107 838 1161 &
856 1106 1038 1176 Lustric
1054 1124 1260 1162 nomen
1278 1147 1298 1176 ,
1339 1104 1443 1162 sive
1461 1103 1515 1162 id
1534 1104 1606 1162 est
1622 1107 1653 1161 ἐι
1668 1106 1880 1162 Graeco

595 1178 806 1256 λύτρον,
845 1179 949 1238 sive
975 1181 1006 1239 εὶ
1042 1180 1287 1252 luendo,
1328 1179 1434 1237 hoc
1465 1181 1541 1237 est
1583 1180 1876 1251 solvendo)

595 1260 719 1313 tum
749 1258 911 1314 etiam
930 1257 1242 1313 narrabatur
1257 1299 1274 1326 ,
1296 1274 1357 1313 ur
1381 1257 1584 1315 Heetor
1614 1275 1740 1314 ante
1760 1277 1880 1335 pre·

596 1333 661 1388 tii
695 1332 844 1390 istius
868 1330 1202 1391 solutionem
1231 1333 1372 1412 bigis
1393 1331 1456 1389 sit
1484 1333 1717 1410 raptatus
1737 1336 1881 1390 circa

594 1425 803 1464 muros.
858 1410 953 1467 Eas
982 1408 1133 1488 bigas
1164 1408 1329 1467 deseri
1374 1408 1506 1466 serat
1532 1408 1621 1467 hic
1652 1412 1878 1467 Ennius,

599 1482 713 1542 Sed
742 1482 896 1542 locus
926 1485 1096 1543 hodie
1126 1486 1202 1544 est
1234 1506 1326 1543 mu
1355 1484 1578 1544 timodis
1599 1486 1879 1544 sauciatus.

598 1561 796 1638 Quem
827 1561 1041 1651 Lipsio,
1082 1565 1140 1620 &
1163 1561 1313 1635 aliis,
1360 1562 1543 1621 frustra
1573 1581 1880 1636 tentatum,

598 1636 673 1695 ita
705 1636 922 1703 medica
954 1658 1118 1700 manu
1145 1642 1313 1719 Hugo
1337 1642 1565 1698 Grotius
1596 1639 1840 1699 sanabat:

602 1740 609 1763 ι
968 1726 1108 1777 Duce
1122 1719 1504 1793 quadrupedum
1525 1718 1649 1794 juga

674 1792 883 1849 Inviela
895 1836 916 1865 ,
932 1795 1180 1851 indomita
1197 1835 1215 1861 ,
1248 1792 1460 1870 inst-mia
1476 1836 1494 1864 ,
1525 1793 1770 1871 injugalia
1784 1837 1804 1866 ,

675 1869 909 1941 Qorum
926 1872 1122 1927 tenacia
1135 1868 1377 1946 infrenari
1404 1873 1550 1929 nimi'
1568 1876 1761 1949 nequit.

597 1949 739 2001 Duce
766 1944 977 2024 integri:
1002 1946 1143 2006 dixit
1160 1990 1177 2017 ,
1198 1964 1259 2004 ut
1276 1948 1391 2021 face
1418 1966 1524 2029 pro
1534 1950 1645 2018 sac.
1668 1950 1882 2026 Quam·

599 2038 767 2097 quam
799 2044 903 2085 nec
934 2026 1081 2082 ducet
1119 2023 1359 2096 damno,
1415 2024 1497 2081 uti
1535 2023 1883 2102 invulgatis.

596 2100 714 2156 Aut
740 2101 899 2158 ducat
916 2144 935 2172 ,
976 2101 1067 2159 vel
1095 2102 1267 2159 duxit.
1327 2104 1539 2157 Tenacia
1567 2119 1843 2170 equorum
1860 2145 1881 2175 ,

598 2192 703 2250 pro
725 2181 1022 2250 pertinacia.
1102 2179 1210 2235 Pro
1249 2180 1399 2233 nemis
1442 2182 1649 2256 nequit,
1684 2178 1882 2239 lubens

598 2248 888 2310 rescribam
919 2254 1069 2310 minis
1085 2256 1288 2331 nequit.
1319 2256 1637 2314 Praesertim
1659 2256 1880 2333 quando

594 2328 672 2386 H.
703 2328 1008 2405 Stephanus
1042 2331 1187 2387 testis
1218 2332 1292 2388 cst
1311 2374 1330 2402 ,
1371 2351 1471 2409 pro
1497 2334 1652 2390 nimis
1689 2336 1751 2391 in
1792 2354 1881 2393 ve·

595 2403 704 2459 teri
736 2404 928 2463 codice
955 2407 1126 2462 minus
1154 2407 1288 2484 legi·
1327 2408 1435 2466 Sed
1469 2410 1598 2487 quia
1626 2409 1680 2465 τὶ
1709 2412 1881 2468 minus

595 2478 896 2560 refragatur
922 2480 1256 2550 sententiae,
1299 2482 1366 2541 eo
1399 2486 1456 2540 in
1476 2484 1669 2544 eodem
1689 2486 1880 2546 codice

593 2577 657 2616 ne
692 2561 769 2617 uit
795 2561 901 2617 suit
925 2578 1199 2618 mutatum
1232 2561 1291 2617 in
1311 2559 1479 2635 potest.
1563 2560 1672 2619 Sed
1707 2569 1881 2640 nequit

598 2635 656 2694 di
682 2636 844 2695 ertim
875 2637 928 2694 le
970 2639 1077 2695 itur
1111 2641 1168 2696 in
1199 2638 1371 2697 veteri
1389 2636 1881 2699 edit.Mediol.ubi

596 2729 784 2772 tamen
822 2715 940 2772 abel
994 2718 1146 2772 nimis
1175 2738 1193 2772 .-
1250 2715 1330 2772 uti
1355 2733 1544 2772 contra
1574 2717 1634 2773 in
1669 2719 1881 2776 Veneta

595 2791 815 2864 Pincii,
859 2795 910 2847 &
943 2791 1174 2864 Aldina,
1229 2794 1362 2849 item
1391 2791 1535 2870 apud
1581 2795 1881 2871 Junianum

597 2865 813 2942 Majum
853 2864 1003 2942 legas
1025 2870 1210 2938 nimis,
1247 2884 1302 2925 at
1327 2868 1473 2924 abest
1493 2873 1684 2945 nequit.
1765 2877 1884 2930 Un-

600 2940 759 3075 dFssin
785 2959 1030 3018 mentem
1048 2944 1238 3014 venit,
1277 2941 1488 3023 fortasse
1499 2946 1740 3004 Ennium
1759 2947 1883 3007 scri·

656 3038 671 3073 1
718 3037 774 3074 e:

594 3036 634 3094 p
672 3103 902 3167 Quorum
917 3095 1114 3153 tenacia
1127 3094 1435 3166 insanabilis
1449 3101 1619 3155 minis.

595 3170 697 3229 Sin
731 3174 859 3249 quiza
891 3175 949 3230 in
979 3173 1252 3251 aliquibus
1284 3171 1422 3232 illud
1453 3178 1644 3263 Nequit
1660 3196 1877 3256 compa·

591 3261 676 3305 ret
689 3247 869 3326 (quod
897 3252 1061 3308 etiam
1094 3249 1591 3329 agnoscitMichae'l
1609 3257 1876 3314 Bentinus

591 3323 697 3382 suis
729 3328 790 3382 in
826 3328 1079 3385 Nonium
1108 3327 1299 3405 notis)
1339 3326 1408 3387 eo
1426 3330 1613 3402 malis,

668 3410 899 3476 Quorum
922 3407 1120 3461 tenacia
1131 3404 1575 3477 infraenarimine’s
1589 3410 1762 3483 nequit
1777 3430 1793 3463 .-
1818 3456 1822 3460 .

587 3497 687 3613 per
714 3479 963 3557 συνέζη-ιν
992 3483 1186 3538 tenacia
1213 3480 1537 3560 trisyllabon
1569 3480 1682 3541 fiet.
1764 3486 1873 3541 Aur

614 3555 764 3613 cribe
777 3558 980 3627 frenari
1005 3559 1157 3614 mInis
1185 3562 1378 3632 nequit.
1456 3561 1606 3617 Nam
1639 3563 1693 3615 in
1724 3560 1870 3619 forte

587 3630 798 3711 irrepsit
827 3633 1106 3693 occasione
1125 3632 1303 3692 versus
1331 3633 1626 3711 superioris
1642 3679 1663 3708 ,
1682 3637 1777 3694 ubi
1795 3637 1871 3695 le-

586 3727 681 3790 gas
709 3711 907 3782 infrena
940 3711 1045 3769 sive
1071 3712 1308 3781 infrenia.
1347 3713 1613 3769 Vossms-

609 3803 616 3806 “
663 3794 828 3844 Ducet
854 3789 1232 3864 quadrupedum
1251 3787 1371 3863 jugo
1397 3794 1624 3845 invitam
1640 3832 1658 3859 ,
1688 3791 1842 3846 doma
1852 3832 1872 3860 ,

584 3862 812 3933 infrena,
847 3866 991 3941 &c.]
1038 3866 1097 3921 F.
1112 3863 1281 3933 Juba.
1323 3864 1773 3924 F.indomabilem.
1813 3870 1874 3926 F.

580 3941 848 4012 infrenem.
901 3944 1098 3998 Manus
1127 3938 1304 3997 doira.

662 4017 998 4096 Alexander]
1055 4016 1364 4075 Alexander
1408 4018 1499 4078 scu
1551 4018 1701 4077 Paris
1742 4019 1875 4078 Phi-

573 4090 812 4160 lostetae
845 4093 1112 4169 vulnere,
1156 4098 1426 4156 Oenones
1450 4113 1749 4156 contemtu
1773 4117 1875 4176 pe-

1955 568 1993 628 si
2013 588 2134 626 vera
2148 570 2449 648 inscriptio.
2490 569 2598 628 Sed
2618 587 2774 627 nutat
2785 571 3025 627 animus.
3042 571 3236 646 potius,

1957 645 2282 705 Alexandrae
2299 652 2438 717 ,hoc
2469 648 2577 716 est,
2618 645 2922 721 Caffandraee
2938 666 3234 703 nomenre·

1957 722 2277 800 ponendum
2296 766 2314 794 ,
2356 725 2414 780 in
2444 723 2704 779 omnibus
2730 721 2819 781 his
2843 724 3237 780 Grammatico·

1960 817 2085 856 rum
2120 799 2256 863 locis
2275 841 2293 870 ,
2310 800 2461 875 quod
2493 801 2552 856 in
2569 800 2765 856 multis
2781 800 3105 870 codicibus,
3128 803 3235 876 qui-

1960 875 2187 932 busdam
2221 876 2390 943 locis,
2433 878 2720 953 reperitur.
2759 873 2984 953 Scriptit
3015 875 3236 933 Alexan·

1961 952 2112 1008 d‘ram
2143 953 2461 1030 Euripides‘,
2507 951 2707 1030 scripsit
2741 954 2800 1007 δε
2825 950 3235 1028 Sophocles,&

1963 1027 2032 1084 sic
2068 1027 2363 1106 supplenda
2380 1027 2645 1107 Stephani
2668 1027 2861 1086 lacuna
2879 1029 2943 1085 in
2975 1047 3115 1086 voce
3132 1029 3235 1099 ἔφε-

1963 1131 2070 1170 cog.
2113 1106 2398 1163 Duum&

2037 1181 2375 1259 Alexandro]
2420 1181 2508 1238 Est
2536 1182 2630 1238 ubi
2656 1180 2788 1239 haee
2815 1180 3005 1241 fabula
3026 1184 3239 1241 Alem-

1959 1256 2046 1312 der
2074 1277 2336 1330 vocetur,
2377 1260 2473 1335 ‘qui
2504 1259 2653 1316 Paris
2679 1259 2814 1315 fuit:
2866 1259 2951 1315 est
2977 1262 3117 1318 item
3156 1263 3237 1319 ubi

1961 1332 2170 1391 dicatur
2189 1334 2522 1404 Alexandra,
2540 1352 2678 1411 quae
2695 1335 2770 1392 est
2794 1333 3110 1393 Cassandra.
3133 1338 3239 1395 Ιηιὸ

1963 1410 2287 1487 quibusdam
2320 1414 2375 1467 in
2405 1411 2545 1467 locis
2565 1413 2937 1468 inconstanter
2954 1432 3107 1470 nunc
3123 1412 3239 1486 hoc,

1963 1506 2111 1543 nunc
2148 1488 2285 1545 illud
2311 1487 2480 1574 legas.
2558 1486 2788 1545 Fortasse
2819 1490 3038 1547 Ennius
3056 1493 3239 1547 utrius-

1966 1583 2075 1639 que
2100 1566 2341 1621 nominis
2358 1562 2594 1621 fabulam
2610 1563 2833 1643 scripsit.
2875 1564 3022 1623 Sane
3054 1566 3240 1623 fecerat

1961 1641 2111 1697 idem
2141 1641 2449 1718 Euripides,
2475 1641 2721 1718 itemque
2741 1639 3064 1699 Aeschilus:
3095 1660 3163 1700 vut
3177 1645 3240 1700 de

1964 1735 2201 1794 utroque
2233 1718 2469 1774 ostendit
2485 1716 2661 1774 clarus
2690 1716 2790 1774 ille
2804 1718 3142 1777 Graecarum
3157 1738 3242 1777 an·

1964 1794 2440 1932 ’ἐῖᾞῗῧὶᾙῖιῖἓῗ
2447 1795 3245 1948 ῗῗηὶῗῗυ“ξὶἕεξὲξῖἱὶ’ἓω“

3082 1914 3102 1941 ³

1965 1946 2072 2003 tius
2107 1968 2175 2004 ex
2211 1944 2515 2003 Alexandra
2557 1944 2908 2016 Alexander,
2960 1893 3242 2023 quimpgt

1963 2022 2073 2081 hoc
2102 2023 2239 2080 illud
2268 2022 2468 2086 fastum
2502 2022 2630 2079 fuit.
2670 2023 2759 2079 fist
2783 2025 2936 2079 enim
2953 2023 3245 2082 Alexandri

1962 2120 2174 2159 nomen
2205 2099 2607 2178 pervulgatius,
2648 2102 2708 2156 in
2736 2098 3056 2175 cujusmodi
3085 2104 3248 2159 rarius

1966 2194 2255 2253 peccatur,
2306 2173 2433 2233 cum
2478 2173 2592 2251 fere
2650 2177 2954 2233 immutent
3007 2176 3214 2235 librarii
3222 2219 3244 2249 ,

1964 2271 2101 2332 quae
2131 2257 2351 2330 capiunt
2382 2254 2582 2310 minus·
2628 2252 2898 2330 Pleraque
2922 2254 3094 2313 etiam
3113 2256 3247 2334 frag·

1963 2349 2145 2389 menta
2174 2331 2207 2391 ὲ
2236 2327 2523 2388 Cassandra
2558 2329 2920 2407 proferuntur
2950 2373 2972 2403 ,
3014 2349 3078 2389 ut
3116 2352 3246 2391 mox

1959 2409 2184 2487 patebit.
2221 2410 2486 2466 Vossxus.

2040 2486 2252 2562 P.23r.
2292 2494 2558 2542 Hominem
2574 2485 2781 2559 appellat
2815 2485 2967 2561 &c.]
3011 2487 3145 2543 Non
3160 2505 3243 2543 re·

1951 2561 2151 2620 dolent
2176 2561 2308 2619 haec
2335 2562 2689 2621 cothurnum.
2732 2562 2985 2617 Vossrus.

2037 2648 2155 2696 Non
2186 2639 2469 2773 intelligia}
2512 2640 2572 2696 12.
2589 2655 2714 2693 num
2734 2639 3003 2714 inseHigit?
3041 2635 3133 2696 vel
3159 2640 3243 2692 in·

1959 2716 2170 2791 telligis?
2210 2720 2402 2774 Manus
2466 2715 2604 2773 octa.

2012 2801 2058 2848 Ο
2072 2793 2164 2850 lux
2179 2794 2350 2870 Trojae
2368 2796 2503 2870 δια]
2518 2796 2693 2850 Locus
2705 2791 3163 2870 corruptissimus.
3180 2793 3251 2850 A·

1962 2869 2291 2948 napaesticos
2306 2867 2455 2927 fixisse
2470 2911 2490 2940 ,
2507 2868 2627 2926 satis
2644 2887 2710 2926 ex
2730 2869 2914 2945 primo
2928 2869 3087 2928 versu
3098 2887 3248 2927 eom·

2004 2964 2134 3004 aret.
2156 2948 2301 3026 Ergo
2317 2943 2592 3024 proximE,
2606 2945 2700 3002 ubi
2719 2944 2947 3023 legitur,
2964 2946 3115 3022 Qu’d
3137 2949 3216 3002 ita
3234 2964 3253 2998 .-

1964 2966 2079 3103 fegi
2111 3022 2293 3093 debet,
2311 3023 2454 3098 Qid
2467 3038 2517 3078 te
2530 3025 2623 3080 ita.
2663 3024 2882 3093 Nempe
2898 3023 3242 3100 provocabu-

1965 3097 2085 3158 lum
2100 3113 2147 3155 te
2166 3100 2369 3158 librarii
2395 3117 2579 3159 errore
2605 3095 3012 3177 transmigravit
3034 3099 3096 3154 in
3121 3097 3248 3155 νότ-

1962 3175 2079 3233 sum
2099 3174 2416 3252 sequentem
2437 3196 2452 3231 t
2470 3175 2618 3232 unde
2643 3174 2911 3233 fitrcillari
2924 3217 2943 3246 ,
2961 3175 3135 3252 inque
3162 3172 3247 3230 lo·

1959 3271 2087 3311 cum
2105 3251 2260 3310 suum
2287 3252 2473 3310 reduci
2497 3252 2682 3313 debet.
2732 3252 3013 3309 Praeterea
3040 3272 3107 3309 ex
3140 3248 3253 3307 illo

1960 3347 2074 3385 cum
2090 3344 2175 3385 tuo
2203 3329 2511 3388 faciendum
2529 3345 2718 3385 contuo.
2762 3330 2903 3386 Nam
2921 3326 3244 3386 Macrobius

1956 3404 2200 3464 disertim
2218 3407 2378 3478 dicit,
2393 3405 2525 3463 hinc
2557 3400 2974 3484 express‘umeffe
2994 3403 3246 3462 Maronis

1955 3483 2130 3542 illud:
2176 3492 2289 3540 Aut
2321 3502 2408 3539 cur
2437 3482 2556 3539 haec
2584 3481 2809 3539 vulnera
2833 3496 3010 3540 cerno?
3045 3488 3251 3538 cmm

1955 3558 2087 3619 vero
2116 3578 2216 3638 pro
2233 3579 2373 3616 cerno
2389 3603 2406 3628 ,
2446 3561 2610 3617 etiam
2633 3558 2986 3617 Andronicus
3005 3559 3242 3633 usurpat.

1957 3641 2009 3695 &
2039 3638 2248 3694 Ennius
2272 3637 2436 3706 alibi,
2477 3654 2538 3692 ut
2573 3636 2630 3693 su
2673 3635 2733 3694 ria
2767 3635 3003 3694 diuum.
3044 3636 3243 3713 Quare

1955 3730 2138 3772 totum
2159 3711 2347 3772 locum
2376 3712 2443 3771 sic
2473 3711 2633 3770 rescri
2675 3731 2744 3769 o:

2429 3797 2475 3845 Ο
2502 3790 2595 3846 lux
2613 3789 2785 3864 'trojae

2032 3874 2280 3924 Germane
2299 3870 2476 3924 Ησέῖον
2490 3908 2509 3937 ,
2551 3867 2679 3943 quid
2689 3881 2741 3922 te
2755 3867 2835 3921 ita
2850 3882 3029 3924 eontuo

2033 3952 2214 4001 Lacero
2227 3958 2415 4020 corpore
2430 3945 2612 4017 miser?
2648 3958 2742 3999 aut
2759 3948 2851 4022 qui
2865 3943 2945 4022 fic

2034 4020 2477 4155 Necgspeflant'tbu'
2491 4023 2775 4078 tractavere

2034 4105 2117 4158 No
2151 4101 2189 4155 is
2204 4113 2230 4157 r

3050 4119 3256 4244 Loqui·-
