3470 4568
459 2654 470 2657 -
531 2641 647 2695 gore
660 2662 680 2692 ,
720 2620 1081 2696 tonitribusque
1128 2635 1239 2676 tam
1265 2620 1406 2696 denstr
1430 2627 1602 2693 Regem
1632 2622 1833 2691 operuit*

442 4014 514 4083 84

520 213 627 305 36

1673 336 1781 391 rw

630 415 671 461 *
733 408 1111 492 Romolus
1149 418 1224 491 in
1263 408 1472 490 caelo
1507 433 1682 488 cum
1712 409 1882 486 Diis
1920 399 2364 515 genitalibus
2398 430 2677 490 aevum

602 526 907 645 'Degit,
975 571 1106 590 ---

520 711 731 770 Felicem
760 714 952 771 deinde
967 714 1023 788 se
1054 711 1271 790 pritabat
1282 754 1303 784 ,
1358 712 1492 791 quod
1518 713 1803 781 invenerit,

523 790 657 844 unde
686 790 855 864 vistim
875 789 947 867 fit
981 791 1180 864 Virgilio
1217 791 1376 846 dicere
1412 823 1432 835 -
1446 823 1466 836 -
1484 821 1501 832 ·
1542 807 1690 864 quem
1715 787 1801 863 su-

513 878 602 941 per
634 870 798 940 ingens
811 876 965 924 Porta
987 882 1129 923 tonat
1154 866 1308 938 caeli,
1347 899 1360 911 ·
1384 899 1402 911 -
1420 899 1437 911 -
1482 867 1706 921 Ennium
1721 863 1810 920 hoc

526 944 604 998 ait
617 952 828 1000 Homero
850 941 1162 1020 surripuisti,
1204 946 1366 999 Ennio
1384 941 1665 1018 Virgilium.
1705 939 1810 1072 Eb‘ffe

522 1020 680 1076 etiam
703 1020 838 1097 apud
866 1025 1149 1078 Ciceronem
1189 1022 1243 1075 in
1290 1019 1398 1096 ipfis
1424 1020 1487 1078 de
1514 1016 1694 1093 Repub.
1758 1036 1810 1073 oc

529 1098 885 1170 Epigramma,

606 1174 747 1244 Sifas
759 1173 1005 1265 fiplagas
1020 1171 1296 1246 caelestum
1304 1171 1535 1242 scandere
1550 1177 1807 1249 cuiquam.-

688 1257 773 1305 Μι
784 1249 883 1324 fili
908 1249 1029 1305 caeli
1050 1252 1283 1306 maxima
1297 1263 1444 1323 porta
1466 1259 1626 1322 patet.

529 1324 654 1380 Hoc
698 1323 867 1382 modo
906 1322 1111 1401 legitur
1153 1324 1213 1381 in
1257 1323 1470 1381 vetusto
1510 1322 1809 1401 exemplari

532 1401 934 1479 manuscripto3
977 1399 1105 1457 cum
1133 1402 1193 1457 in
1221 1398 1406 1477 paffim
1439 1399 1676 1478 vulgatis
1715 1399 1809 1456 ha-

531 1476 768 1547 beatur,
825 1477 927 1552 Effe
965 1477 1099 1532 enim
1140 1495 1175 1531 a
1206 1478 1277 1530 ud
1321 1479 1604 1532 Ciceronem
1631 1518 1652 1547 ,
1706 1480 1813 1533 &c-

531 1553 714 1630 Qod
747 1552 785 1610 fi
819 1553 1119 1632 postremae
1179 1553 1396 1610 estioni'
1420 1550 1550 1611 fides
1589 1551 1813 1610 habere-

532 1646 659 1700 tur,
700 1650 827 1689 eum
865 1629 1053 1687 locum
1079 1670 1098 1699 ,
1153 1661 1249 1672 ---
1291 1648 1438 1704 quem
1466 1638 1611 1760 stiper-
1649 1629 1815 1703 ingens

530 1713 688 1762 Porta
718 1721 859 1761 tonat
901 1706 1025 1761 caeli
1063 1736 1158 1752 ·-·
1214 1703 1482 1782 Virgilius
1556 1703 1658 1761 aud
1688 1701 1816 1763 esset

533 1798 716 1838 totum
743 1800 814 1837 ex
832 1780 1012 1837 Ennio
1043 1797 1351 1849 mutuatus,
1391 1777 1520 1837 etim
1552 1796 1734 1838 tamen
1752 1779 1813 1837 il·

534 1856 634 1914 lud
661 1874 690 1912 a
729 1873 911 1934 pareat
939 1857 996 1912 in
1024 1854 1355 1913 bibliotheca
1387 1855 1720 1914 Carbonaria
1746 1877 1814 1914 ex

536 1950 664 1990 vetu
718 1953 752 1988 o
785 1932 1095 2012 fragmento
1135 1933 1195 1989 in
1236 1931 1561 1989 membranis
1588 1936 1754 2004 Anon
1795 1965 1814 1978 ·

535 2009 615 2067 mi
640 2007 924 2085 cujusdam
956 2009 1349 2074 Grammatici;
1402 2010 1501 2085 qui
1536 2026 1702 2086 agens
1783 2029 1813 2067 e

534 2086 715 2144 verbis
743 2087 952 2143 neutris
981 2083 1429 2161 impersonalibus
1460 2083 1701 2162 expresse
1743 2106 1811 2144 ex

535 2165 721 2220 Ennio
753 2162 882 2219 citat
914 2161 1075 2220 verba
1099 2161 1234 2233 illa,
1274 2193 1362 2205 ·-·
1402 2180 1549 2237 quem
1565 2162 1713 2234 steper
1733 2164 1812 2217 in-

527 2259 646 2314 gens
672 2248 826 2295 Perta
856 2253 999 2295 tonat
1030 2237 1170 2295 caeli.
1211 2238 1379 2316 Quae
1408 2237 1473 2295 de
1501 2234 1660 2315 fignis
1703 2239 1812 2296 Ro-

539 2316 678 2373 muli
718 2334 746 2371 a
786 2313 1055 2372 otheofim
1106 2312 1553 2391 praecedentibus
1605 2314 1815 2373 intelli-

537 2392 715 2470 genda
763 2407 882 2448 unt.
960 2392 1047 2448 De
1074 2390 1273 2468 quibus
1310 2391 1387 2447 ait
1414 2390 1602 2448 Livius
1630 2389 1728 2449 lib.
1764 2411 1814 2448 1.

541 2544 672 2601 beret
687 2588 707 2612 ,
741 2541 901 2616 subito
926 2560 1087 2599 coorta
1113 2542 1362 2617 tempestas
1396 2561 1510 2598 cum
1525 2561 1700 2617 magno
1703 2541 1829 2617 fta·-

543 2697 712 2754 nimbo
729 2740 748 2769 ,
805 2712 863 2753 ut
889 2700 1185 2772 censpeflum
1217 2697 1317 2772 ejus
1356 2697 1570 2753 concioni
1606 2694 1813 2767 abstule-

543 2778 612 2829 rit
630 2793 647 2841 3
665 2794 749 2830 nec
779 2776 953 2830 deinde
984 2794 1036 2829 m
1066 2777 1210 2829 terris
1239 2774 1475 2829 Romulus
1484 2773 1615 2842 fuit.
1638 2772 1817 2850 Qod

543 2852 709 2906 etiam
728 2853 785 2905 in
801 2849 918 2924 ejus
935 2851 1044 2905 vita
1071 2851 1232 2906 refert
1256 2847 1611 2905 Plutarchus:
1632 2867 1817 2923 quam·

547 2926 629 2981 vis
673 2925 726 2980 id
773 2926 1002 2981 Varroni
1042 2925 1486 2980 commentitium
1539 2923 1822 2995 videatur,

550 3072 724 3133 fuiffe.
765 3069 1264 3133 Hanffsententiam
1293 3073 1576 3132 confirmat
1605 3075 1825 3133 Flaccus

547 3154 608 3209 in
631 3151 832 3229 -Epodo
860 3151 986 3209 Ode
1022 3161 1111 3206 16.

628 3232 866 3306 Quaeque
894 3244 1060 3285 carent
1090 3230 1254 3283 veneis
1269 3246 1368 3298 ,ey
1372 3226 1556 3301 solibus
1585 3230 1681 3306 offa
1698 3230 1827 3304 Qi-

780 3326 880 3359 rtm
898 3346 916 3374 ,
1661 3324 1674 3328 “
1695 3339 1697 3342 >

704 3384 861 3451 Nefas
889 3381 1099 3450 videre,
1139 3378 1378 3454 diffipabit
1410 3378 1633 3452 infhlens.

549 3459 816 3527 Homeri,
867 3475 926 3512 ut
967 3461 1200 3534 opinor,
1253 3458 1410 3513 locus
1435 3498 1457 3527 ,
1514 3456 1656 3514 unde
1696 3455 1828 3513 haec

551 3530 774 3610 sumpfit
789 3535 1027 3603 EnniuS,
1068 3534 1224 3589 estin
1255 3537 1296 3589 9
1328 3529 1561 3603 Iliados,
1600 3533 1694 3590 ubi
1714 3535 1826 3590 Ho-

553 3631 634 3669 ras
660 3609 798 3667 caeli
831 3626 1013 3686 portas
1039 3608 1309 3667 custodire
1337 3608 1494 3666 finxit
1510 3650 1529 3678 ,

629 3685 939 3753 Αὑτῦμ-αιτοιι
958 3686 1030 3756 dl}
1068 3683 1404 3755 πύλαιμᾶκω
1433 3686 1595 3763 §parii
1628 3684 1688 3748 iic
1708 3681 1829 3756 ’ἔχον

787 3787 930 3833 copae.

555 3840 701 3897 Hinc
729 3836 962 3895 Ovidius
990 3837 1056 3894 de
1086 3841 1226 3915 Jano
1258 3837 1299 3894 l.
1327 3837 1527 3897 1.Past.

626 3914 880 3990 Praefideo
893 3915 1089 3985 finibus
1118 3916 1245 3971 caeli
1274 3935 1386 3970 cum
1411 3914 1614 3972 mitibus
1630 3915 1798 3968 Horis.

631 3992 907 4049 Romocus
948 4011 1011 4048 m
1052 3994 1282 4066 cauo]
1326 3990 1522 4047 Versus
1557 3988 1646 4045 hic
1679 3995 1711 4045 a
1740 3989 1833 4047 Ci-

555 4084 754 4125 cerone
786 4067 828 4126 1.
851 4065 1042 4127 1.Tus.
1084 4073 1135 4128 8(
1152 4067 1344 4129 Servio
1373 4065 1414 4123 1.
1433 4074 1488 4123 6.
1510 4067 1647 4124 Aen.
1667 4065 1859 4127 refer·.

941 205 1059 309 Q
1165 202 1627 280 ENNI'I
1741 194 2698 279 FRAGMenra

2866 413 2973 465 Cic.
2982 432 3015 466 1.
3021 416 3166 467 'rusc-

2867 479 2918 528 &
2934 484 3033 531 Ser.
3054 489 3099 530 6.

2866 548 2997 593 Aen.

1886 725 2006 778 tur3
2046 709 2112 769 ab
2141 708 2249 768 hoc
2280 707 2507 787 quidem
2536 710 2782 788 integer,
2821 709 2887 767 ab
2917 706 3020 766 illo
3032 706 3174 766 verb

1889 784 2137 844 mutilus.
2177 787 2318 846 Sunt
2343 803 2525 844 autem
2553 784 2685 845 haec
2705 785 2866 843 verba
2887 784 3174 864 JuliiPto·

1890 861 2038 933 culi,
2079 861 2177 938 qui
2204 863 2468 920 Romanis
2495 863 2664 940 Regis
2689 860 2955 920 desiderio
2978 861 3173 919 oblan-

1890 940 2298 1016 guentibus,ac
2322 957 2547 1017 propter
2575 939 2956 1017 repentinam,
2995 936 3176 995 horri-

1888 1014 2171 1092 bilemque
2196 1016 2603 1094 tempestatem,
2660 1016 2773 1093 qua
2800 1013 2898 1073 ille
2929 1012 3177 1073 sublatus

1888 1090 2097 1163 fuerat,
2138 1108 2346 1151 terrore
2370 1089 2659 1171 perculsis,
2698 1093 2760 1149 in
2803 1094 2913 1163 uit,
2961 1094 3180 1150 Romu·

1890 1167 2009 1225 lum
2036 1167 2129 1225 fibi
2156 1187 2220 1224 au
2266 1167 2651 1226 ustioriformz'³'⁴
2673 1169 2733 1225 in
2825 1167 3179 1228 uirinalicol·

1890 1244 1945 1302 le
1965 1246 2184 1322 apparui
2228 1264 2286 1301 e:
2317 1263 2522 1322 quem,
2559 1264 2685 1303 eum
2725 1243 2957 1302 horrore
3029 1249 3177 1306 erfu-

1893 1318 2010 1392 sus,
2056 1320 2469 1380 venerabundus
2508 1319 2793 1393 adoraret,
2836 1319 2953 1396 juffi
3004 1342 3072 1394 e,
3113 1340 3177 1381 ut

1892 1396 2111 1550 ffiffgss‘z
2129 1397 2459 1550 ⁰:33³353‘03
2509 1398 2903 1532 {2233me
2926 1398 3177 1554 32²3&

1893 1566 2081 1627 pterea
2111 1550 2405 1620 virtutem,
2446 1569 2673 1626 remque
2699 1552 2997 1610 militarem
3026 1553 3174 1613 eole-

1896 1642 2051 1694 τεαῖς
2093 1626 2314 1702 quando
2359 1624 2543 1684 uidem
2572 1630 2806 1685 Romam
2837 1629 2985 1686 orbis
3011 1647 3176 1707 caput

1896 1701 2134 1759 futuram
2167 1705 2294 1760 Fata
2397 1700 2646 1760 tuiffent:
2685 1721 2855 1783 atque
2892 1703 2979 1763 his
3019 1707 3175 1766 dietis

1896 1796 1964 1834 ex
1996 1775 2145 1834 illius
2171 1777 2464 1856 conspeetu
2488 1779 2777 1838 evanuiffe.
2827 1781 2937 1839 Sed
2964 1786 3172 1843 Romu—

1898 1853 2015 1911 lum
2047 1852 2229 1914 forma
2255 1855 2627 1933 proceriorem
2656 1858 2833 1914 visum
2854 1857 2922 1916 ad
2952 1861 3170 1937 superos

1891 1929 2186 1988 abeuntem
2214 1974 2235 2002 ,
2290 1932 2510 1989 testatur
2540 1932 2726 1990 auftor
2766 1931 2836 1990 de
2878 1935 3000 1992 viris
3037 1935 3163 1993 illu-

1893 2007 2106 2064 stribus.
2147 2006 2491 2065 Aristobulus
2508 2007 2607 2066 lib.
2630 2010 2697 2065 11.
2722 2011 2937 2069 Rerum
2962 2011 3166 2071 Italica-

1892 2103 2053 2155 rum,
2096 2086 2149 2140 &
2182 2083 2423 2142 Ovidius
2448 2084 2487 2141 l.
2508 2105 2561 2141 ι.
2581 2085 2716 2141 Fast.
2746 2085 2840 2143 ubi
2870 2090 2983 2160 ait,
3094 2101 3099 2106 '

1930 2181 1941 2185 ·
1971 2159 2168 2231 Pulcer,
2185 2179 2253 2294 εἴ
2268 2161 2490 2218 humano
2501 2162 2683 2237 major,
2693 2157 2964 2241 trabeisque
2978 2165 3177 2224 decorus

2050 2244 2213 2295 Romu
2235 2257 2291 2294 us

1895 2313 2279 2391 opinabantur
2322 2332 2534 2373 veteres
2547 2356 2566 2386 ,
2623 2333 2755 2385 σος,
2795 2318 2891 2394 qui
2935 2319 2996 2376 in
3026 2320 3179 2378 Deo·

1854 2456 1863 2471 ὁ,
1896 2408 2020 2447 rum
2053 2409 2346 2449 numerum
2362 2412 2430 2450 ex
2462 2391 2778 2449 hominibus
2804 2392 2958 2452 relati
2989 2395 3186 2469 effent,

539 2478 685 2525 Dum
717 2470 851 2524 enim
878 2466 949 2523 ad
961 2474 1155 2542 Caprae
1170 2466 1411 2541 paludem
1439 2468 1707 2523 concionem
1722 2467 1815 2522 ha·

1897 2465 1987 2524 vel
2016 2468 2267 2525 Deorum
2299 2487 2406 2546 ope
2437 2467 2717 2545 quidpiam
2746 2486 2956 2545 praeter
2989 2472 3181 2531 huma-

1897 2560 1991 2599 nas
2034 2544 2174 2600 vires
2212 2540 2542 2613 effeciss'ent,
2595 2545 2816 2601 caeteris
2857 2545 3181 2609 hominibus

1897 2620 2236 2696 proceriores
2267 2619 2438 2677 videri
2465 2620 2674 2677 solitos.
2729 2621 2893 2681 Unde
2922 2623 3183 2684 Tlefima-

1898 2691 2030 2751 chus
2072 2694 2321 2752 Pisistrati
2360 2695 2870 2755 Orchomeniorum
2913 2702 2997 2758 Re
3037 2704 3083 2758 is
3122 2702 3187 2762 fi·

1898 2770 2005 2828 lius
2024 2812 2043 2841 ,
2085 2788 2145 2827 ut
2177 2772 2342 2829 refert
2372 2771 2716 2851 Theophilus
2744 2774 2842 2832 lib.
2867 2775 2943 2831 11.
3024 2797 3183 2837 erum

1900 2846 2476 2923 Peloponnesiacarum
2510 2892 2529 2921 ,
2582 2847 2829 2908 conscius
2870 2852 2930 2909 in
2969 2871 3183 2930 patrem

1902 2922 2316 2998 conspirationis
2330 2966 2353 2995 ,
2390 2923 2600 3002 populo
2627 2927 2684 2982 in
2703 2926 2929 2984 Curiam
2958 2926 3191 2989 effrena-

495 3031 497 3034 >
546 3002 643 3075 qui
670 2997 845 3056 afferir
885 2999 1002 3075 post
1030 2999 1219 3054 Rostra
1248 2996 1472 3054 Romuli
1513 2996 1821 3074 sepulcrum
1875 3003 2011 3055 *tius
2041 3001 2308 3070 irruenti,
2347 3003 2730 3059 commentitio
2762 3002 3031 3136 fiqmento
3060 3026 3182 3083 per—

1904 3073 2089 3145 suasit,
2106 3075 2433 3134 Pisistratum
2459 3076 2613 3156 supra
2632 3096 2806 3136 morta
2831 3100 2922 3137 em
2946 3079 2979 3137 s
3006 3086 3182 3141 eciem

1906 3151 1973 3208 ad
2028 3150 2271 3210 Pisaeum
2327 3172 2577 3211 montem
2643 3155 2841 3232 magna
2895 3176 2959 3214 ve
2984 3160 3185 3218 oeitate

1911 3226 2064 3285 fuiffe
2092 3226 2354 3286 delatum.
2431 3231 2785 3306 Tranquillus
2825 3234 2881 3289 in
2908 3233 3147 3292 Claudio
3164 3278 3185 3307 ,

1910 3312 2027 3359 Non
2048 3308 2187 3378 prius
2213 3304 2398 3376 destitit
2429 3308 2647 3382 inliqui,
2689 3312 2848 3383 elusim
2866 3310 3041 3386 species
3070 3311 3185 3368 bar-

1909 3379 2058 3436 barae
2083 3382 2303 3436 mulieris
2334 3383 2561 3440 humana
2587 3385 2798 3457 amplior
2820 3391 3064 3441 vitiorem
3081 3403 3189 3444 ten-

1908 3456 2021 3511 dere
2050 3454 2187 3513 ultra
2204 3460 2425 3526 sermone
2451 3463 2632 3514 Latino
2659 3460 2987 3537 prohibuiffit.
3031 3466 3188 3521 Taci-

1913 3549 2000 3589 tus
2033 3531 2069 3588 l.
2096 3540 2150 3590 8.
2184 3533 2370 3590 Oblata
2400 3537 2445 3590 ei
2474 3536 2642 3611 species
2663 3536 2916 3594 muliebris
2928 3538 3070 3596 ultra
3086 3561 3189 3596 mo-

1911 3609 2039 3664 dum
2065 3608 2382 3677 humanum,
2424 3630 2491 3672 cy
2513 3612 2695 3666 audita
2732 3616 2810 3667 eft
2838 3635 2962 3670 vox.
3041 3617 3191 3674 Hinc

1914 3690 2069 3743 Maro
2089 3705 2269 3744 rerum
2288 3686 2538 3745 omnium
2561 3685 2911 3764 peritissimus
2927 3690 2995 3750 de
3013 3692 3189 3749 Creu-

1914 3760 1966 3819 sa
1994 3762 2034 3817 1.
2057 3782 2108 3817 2.
2128 3763 2419 3821 Aen.dixit
2440 3784 2489 3832 ,·

2103 3897 2107 3900 ,
2264 3841 2350 3901 ’ω’
2369 3857 2487 3896 nora
2516 3842 2674 3916 major
2701 3843 2876 3912 irnago.

1910 3914 1981 3971 Et
2012 3915 2153 3991 apud
2183 3916 2420 3974 eundem
2450 3913 2559 3991 l.4.
2577 3922 2713 3975 Aen.
2738 3916 2926 3986 Dido,

1989 3997 2056 4045 Et
2084 4011 2216 4047 nunc
2241 4012 2425 4065 magna
2451 3996 2552 4049 mei
2566 3991 2663 4067 sub
2678 4006 2834 4049 terras
2850 3993 2943 4048 ibit
2968 3995 3153 4069 imago.

1913 4069 2196 4126 Lucretius
2207 4067 2247 4127 l.
2270 4085 2320 4141 5.
2335 4070 2427 4127 ubi
2444 4068 2511 4129 de
2528 4069 2742 4147 origine
2757 4068 3040 4147 religionis
3056 4073 3195 4149 agit,

3044 4154 3199 4223 Egre-
3278 4188 3284 4194 -
