3470 4568
712 186 1351 271 ΗιειιοΝΥΜό
1391 191 1899 272 COLUMNA
1950 195 2450 275 Aucronn.
2787 180 2892 299 '117

238 338 320 407 Et
351 336 597 406 Annal.
630 357 690 421 5.
773 332 1027 402 Nomine
1056 334 1338 400 Purrbus
1372 339 1524 418 (utei
1550 343 1896 423 memorant)
1928 341 1968 403 ἆ
1978 342 2068 425 sti
2135 366 2166 403 e
2178 342 2466 430 supremo,

236 423 360 491 Sed
393 420 691 505 persaepe
736 422 1006 503 pluribus
1046 420 1252 485 modis
1283 422 1349 485 in
1381 423 1658 506 augenda
1686 442 1754 487 re
1802 425 2094 491 admirabi
2123 445 2226 490 em
2254 425 2664 508 superlatione
2689 420 2892 487 reddi—

238 507 327 572 dit
357 504 739 583 orationem.
822 503 1176 586 Hyperbole
1212 503 1385 568 enim
1422 522 1525 570 aut
1554 524 1691 569 rem
1721 511 1862 589 plus
1909 527 2110 591 aequo
2147 510 2342 574 verbis
2379 508 2748 590 simplicibus
2781 524 2888 568 au-

239 608 377 678 get,
425 603 497 653 ut
530 588 599 652 in
625 586 881 654 Telum.
1624 637 1628 641 <

654 667 897 733 ffccine
927 660 1201 733 Telamon
1228 667 1325 733 ille
1352 671 1430 753 ‘st
1477 716 1499 749 ,
1542 668 1699 733 modi
1728 695 1895 760 quem
1964 671 2107 737 Ioria
2138 674 2222 738 ad
2254 673 2479 740 caelum
2512 670 2773 739 extulit?

244 749 323 820 Et
348 753 591 820 Annal.
623 751 685 818 8.
808 751 956 835 Jam
994 775 1067 817 ue
1081 753 1216 832 fere*
1236 752 1425 839 polvis
1451 753 1534 814 ad
1558 756 1781 817 caelum
1809 777 1889 819 va
1937 779 1975 818 a
2003 757 2257 823 videtur.

240 837 401 903 Item
418 836 662 902 Annal.
685 854 712 898 1
725 852 781 915 7.
864 773 1117 899 ToZitur
1149 837 1211 898 in
1240 833 1460 903 caelum
1491 835 1703 899 clamor
1726 854 1965 901 exortus
1993 841 2264 928 utrisque.

240 920 372 987 Aut
402 940 520 1004 per
556 939 705 984 com
749 919 1111 985 arationem.
1170 918 1243 982 In
1278 919 1590 984 Androm.
1786 956 1873 971 ---
1893 920 2007 1003 fid
2030 924 2223 1009 quasei

662 1042 669 1045 ›
711 1022 908 1065 errnm
923 1049 943 1082 ,
983 1016 1089 1064 aut
1119 1000 1264 1087 Iapis
1289 1000 1438 1063 dura
1467 1017 1732 1066 rarenter
1749 1005 2040 1098 gemitum
2123 1005 2390 1069 Conatur
2420 1004 2652 1072 trahere
2690 1037 2775 1052 ··-

243 1085 323 1153 Et
351 1084 595 1151 Annal.
621 1104 648 1148 1
662 1104 718 1167 5.
838 1082 1108 1172 Undique
1136 1084 1510 1167 conveniunt,
1551 1084 1714 1148 velut
1744 1084 1958 1166 imber,
1995 1083 2114 1149 tela
2144 1080 2419 1153 Tribuno.

244 1171 372 1236 Aut
401 1189 517 1251 per
546 1167 1031 1234 transsationem.
1077 1167 1305 1232 Annal.
1324 1163 1384 1230 8.
1629 1197 1715 1218 --
1739 1169 1824 1251 fit
1839 1170 2072 1251 ferreus
2098 1170 2312 1255 imber,
2445 1200 2448 1203 2

249 1252 474 1318 Annal.
511 1270 616 1334 14.
1104 1283 1187 1301 ·-
1207 1249 1457 1314 ‘volabat
1470 1251 1651 1338 fieper
1674 1251 1921 1338 impetus
1949 1252 2136 1317 undas
2150 1303 2171 1336 ,

250 1332 333 1402 Et
361 1334 595 1404 Annal.
634 1354 693 1399 1.
1881 1370 1965 1385 --
2001 1335 2209 1419 hasteis

659 1413 886 1480 Horret
913 1436 1049 1503 ager
1064 1465 1083 1498 ,
1126 1418 1452 1506 campeique
1483 1419 1694 1481 armeis
1703 1417 2054 1500 sublimibus
2081 1420 2304 1484 ardent.

274 1497 353 1566 Et
381 1500 594 1566 Annal.
618 1501 719 1565 16.
940 1535 1022 1548 -·-
1059 1516 1256 1563 tamen
1289 1502 1407 1586 ipsa
1439 1501 1635 1566 volans
1666 1500 1900 1648 abstulit
1928 1500 2090 1585 basta
2169 1499 2291 1578 Infi
2320 1522 2392 1562 ne
2422 1538 2509 1553 --

271 1582 432 1649 Idcm
462 1583 653 1650 etiam
682 1599 902 1664 tropus
929 1582 1456 1650 inextenuatione
1488 1587 1664 1650 habet
1730 1586 2203 1665 uperlationem.
2314 1589 2480 1651 nnal.
2518 1585 2703 1651 incer.

666 1700 753 1714 --·
790 1664 1047 1752 virosque
1072 1666 1353 1729 volenteis
1432 1666 1717 1731 Contudit
1745 1666 1991 1730 crudelis
2019 1665 2236 1753 hiemps
2277 1700 2361 1715 -·-

253 1748 407 1817 Item
436 1748 678 1815 Annal.
709 1746 773 1814 8.
853 1747 1093 1811 Clamor
1120 1750 1202 1812 ad
1231 1747 1453 1811 caelum
1484 1746 1791 1813 volvendu’
1816 1765 1926 1836 per
1955 1748 2187 1812 aethera
2217 1770 2297 1812 va
2333 1750 2400 1813 it.

248 1829 329 1899 Et
357 1836 435 1898 de
464 1833 610 1898 sole
645 1834 909 1913 loquens
946 1831 1176 1897 Annal.
1219 1835 1315 1898 16.
1557 1866 1646 1879 ---
1682 1830 1905 1894 interea*
1916 1832 2040 1910 fax
2126 1832 2262 1896 Occi
2299 1847 2353 1895 tt
2389 1868 2474 1882 --
2932 1840 3011 1904 15

249 1915 489 1983 Crebro
523 1916 716 1979 etiam
748 1932 857 1996 per
885 1913 1155 1994 ὁμοίωσιν
1186 1933 1322 1979 rem
1355 1913 1633 1999 ignotam
1664 1933 1771 1996 per
1800 1919 1967 1997 ejus,
2011 1935 2168 1998 quae
2199 1916 2389 1998 magis
2407 1931 2558 1982 nota
2574 1913 2690 1997 est,
2733 1915 2892 1982 fimi-

251 2000 589 2065 litudinem
618 1994 927 2077 expreffit3
969 2000 1148 2078 cujus
1179 1997 1292 2061 tria
1319 1995 1483 2077 apud
1516 1999 1791 2061 eundem
1825 2017 2049 2084 genera
2077 2000 2516 2080 comperimus.
2573 1996 2706 2063 Aut
2725 2000 2899 2065 enim

254 2101 365 2164 per
395 2081 773 2163 Imaginem,
817 2079 941 2143 five
972 2079 1207 2157 εἰκόνα,
1250 2093 1321 2144 ut
1357 2076 1581 2143 Gracci
1617 2080 1872 2163 dicunt,
1915 2081 2204 2163 personas
2239 2128 2260 2166 ‚
2301 2083 2402 2146 vel
2435 2099 2593 2163 quac
2619 2079 2896 2163 personis
2932 2077 2942 2086 “

260 2161 685 2241 conveniunt,
721 2163 873 2226 inter
905 2162 967 2225 se
995 2160 1415 2244 comparavit3
1456 2176 1525 2226 ut
1558 2159 1788 2227 Annal.
1818 2183 1877 2247 9.

668 2242 927 2391 gyclopis
954 2257 1157 2308 venter
1187 2241 1353 2340 velut
1371 2240 1517 2338 'olim
1547 2246 1800 2328 turserat
1827 2244 1969 2309 altei

725 2327 962 2389 arntbus
994 2327 1293 2391 humanm
1322 2325 1593 2409 distentus
1631 2362 1717 2377 ---
2451 2363 2456 2368 -

249 2410 388 2479 Aut
419 2428 532 2493 per
567 2407 1000 2477 Collationem
1032 2459 1052 2492 ,
1092 2410 1212 2475 five
1239 2408 1575 2491 παραβολὴν
1602 2430 1695 2476 res
1725 2432 1947 2500 genere
1975 2412 2287 2480 diffimiles
2321 2413 2721 2499 comparavit.
2800 2410 2900 2478 Ab

247 2515 418 2581 equo
436 2493 675 2561 Annal.
696 2515 755 2559 2.
837 2492 927 2557 Et
952 2508 1080 2555 tum
1093 2489 1253 2569 ficut
1281 2514 1490 2581 equus«,
1533 2495 1637 2580 qui
1665 2494 1734 2556 de
1752 2496 2115 2581 praesepibus
2143 2497 2308 2560 aelus
2957 2528 2970 2531 ·

668 2574 882 2644 Vincla
900 2576 1061 2655 ficeis
1086 2577 1343 2671 magneis
1373 2576 1616 2638 animeis
1647 2576 1943 2665 abrumpit
1960 2622 1979 2653 ,
2021 2577 2103 2652 ἐρ’
2128 2579 2263 2642 inde
2449 2609 2456 2612 ·

671 2655 809 2723 Fert
825 2659 943 2739 sese
974 2674 1190 2745 campet
1208 2673 1323 2743 per
1352 2658 1614 2741 caerula,
1658 2657 1917 2747 laetaque
1937 2674 2118 2746 prata
2297 2663 2318 2684 ⁸

676 2739 839 2820 Celfh
855 2740 1084 2824 pedore
1100 2788 1119 2822 ,
1141 2741 1314 2827 saepi
1328 2740 1538 2823 jubam
1573 2740 1836 2828 quaffans
1856 2741 2046 2819 simul
2097 2749 2100 2754 “
2129 2756 2255 2805 tam

677 2821 930 2911 Spiritus
959 2845 1037 2885 ex
1061 2823 1261 2884 anima
1291 2821 1477 2885 calida
1489 2825 1728 2917 spumas
1759 2823 2088 2910 agitwlbas.

253 2905 345 2975 Et
372 2907 476 2973 lib.
508 2908 704 2972 incer.
787 2903 950 2969 Sicut
966 2905 1146 2983 fortis
1179 2927 1357 2992 equus
1368 2911 1557 2992 Jpatto
1588 2907 1692 2994 qui
1705 2906 1868 2985 forte*
1882 2907 2152 3003 supremo

672 2986 841 3055 Vicit
877 2984 1142 3077 Olympia
1157 3037 1176 3072 ,
1217 3009 1370 3051 nunc
1383 2989 1543 3070 senio
1570 2989 1846 3071 confec‘i'u’
1877 2990 2129 3075 qurefi·it.

248 3071 313 3138 A
343 3091 509 3140 cane
544 3070 780 3138 Annal.
804 3089 899 3135 10.
1118 3104 1204 3120 ··-
1241 3071 1574 3166 animusque
1607 3072 1671 3133 in
1684 3071 1915 3158 pellere
1941 3072 2124 3135 latrat
2140 3118 2161 3156 ‚

686 3154 744 3220 V
734 3153 907 3218 elutei
915 3149 983 3230 fi
1009 3153 1233 3239 quando
1267 3152 1505 3218 vinciens
1526 3155 1796 3216 venatica
1825 3152 1998 3217 velox

679 3238 839 3323 Apta
849 3234 989 3313 filet
1013 3237 1165 3300 cani’
1180 3287 1201 3320 ,
1225 3237 1386 3316 fhrte¹
1403 3237 1602 3317 feram
1612 3234 1678 3314 fi
1705 3257 1848 3298 nare
1862 3235 2067 3322 sagaci

682 3317 864 3396 Sensit
878 3367 898 3401 ,
940 3329 1077 3382 voce
1089 3321 1205 3400 sua
1233 3319 1404 3383 nictit
1418 3368 1438 3400 ,
1480 3316 1779 3404 ululatque
1809 3318 1921 3381 ibei
1948 3318 2137 3382 acuti.

253 3402 337 3471 Et
366 3404 483 3469 lib.
522 3401 711 3467 incer.
795 3391 1165 3465 Tantundem
1196 3399 1358 3489 quasi
1371 3402 1535 3481 fheta
1563 3422 1729 3466 canes
1740 3399 1872 3479 fine
1901 3401 2154 3464 dentibu’
2187 3398 2385 3465 latrat.

252 3487 426 3554 Item
467 3483 503 3549 ὲ
532 3485 715 3550 rebus
742 3485 1034 3551 inanimis
1077 3483 1308 3550 Annal.
1348 3505 1444 3549 12.

683 3566 944 3632 Erttbuit
970 3564 1184 3629 mulier
1214 3589 1315 3629 ceu
1348 3566 1494 3630 Iade
1511 3615 1529 3647 ,
1570 3565 1652 3640 ξς)
1715 3583 1941 3655 mpura
1970 3568 2156 3667 mista.

264 3650 404 3717 Aut
439 3669 552 3734 per
572 3656 946 3738 exemplum
978 3697 998 3731 ,
1038 3649 1212 3733 quod
1230 3648 1485 3716 'Graece
1516 3671 1671 3733 παρα
1711 3673 1903 3732 sayna
1933 3652 2157 3718 dicitur
2184 3698 2205 3732 ‚
2247 3668 2381 3716 rem
2410 3649 2682 3731 aliquam
2713 3667 2787 3713 ex
2816 3650 2908 3712 hi-

266 3734 454 3800 storia
485 3734 742 3815 petitam
778 3733 1074 3817 explicat,
1120 3749 1190 3800 ut
1222 3733 1693 3816 dilucidiorem,
1735 3733 1795 3798 δι
1827 3734 2302 3817 probabiliorem
2329 3734 2680 3800 orationem
2707 3730 2906 3798 faciat.

268 3815 510 3884 Annal.
545 3835 603 3881 1.
706 3815 1097 3903 Exspedlant,
1135 3817 1351 3879 velutei
1364 3866 1383 3896 ,
1427 3813 1631 3898 consol
1652 3816 1818 3903 qudm
1851 3817 2081 3880 mittere
2091 3813 2329 3903 signum
2719 3841 2726 3848 ·

689 3897 848 3979 Volt,
890 3898 1098 3961 omneis
1125 3898 1320 3962 avidei
1328 3898 1594 3984 speo‘lant
1622 3898 1705 3962 ad
1728 3897 1972 3962 carceris
2002 3921 2130 3963 oras
2143 3948 2164 3983 ,

691 3979 831 4068 ,Qaa'
858 4002 997 4042 mox
1029 3980 1262 4043 emittat
1282 3981 1489 4067 pilleis
1516 4004 1595 4044 ex
1614 3981 1884 4060 faucibu’
1910 4003 2136 4047 currus.

268 4060 592 4133 pertinent
625 4064 815 4132 etiam
844 4082 1217 4151 magnopere
1248 4065 1325 4133 ad
1359 4065 1653 4136 orationis
1689 4066 1962 4139 nitorem
1992 4086 2206 4136 rerum
2243 4062 2700 4148 descriptiones.
2774 4054 2916 4207 {g-

1976 4168 2015 4214 ς
2889 4177 2915 4190 -
