3470 4568
522 195 606 250 12.
960 218 967 225 -
1323 167 2406 266 QENN11V1⁴1=A

917 314 1007 381 Ut
1042 333 1134 378 me
1164 313 1233 381 de
1260 313 1410 377 caelo
1440 316 1589 399 visas
1617 332 1857 402 cognata
1875 330 2209 403 parumper.
2461 390 2473 404 ·

919 392 1115 487 Teque
1128 449 1148 483 ‚
1190 398 1437 488 Quirine
1457 414 1628 484 pater
1645 393 1685 483 ,⁵
1705 422 1947 464 veneror
1962 448 1981 481 ‚
2029 398 2323 479 oramque
2339 389 2592 536 &mm
2606 440 2627 477 ‚

919 472 1114 568 Teque
1128 532 1148 564 ‚
1180 496 1353 568 pater
1383 472 1647 545 Tiberine
1664 532 1683 566 ,
1726 498 1822 546 tuo
1854 505 1986 545 cum
2000 480 2253 561 flumine
2266 475 2340 557 fit
2438 498 2486 540 ο.

509 565 857 649 Conjunxit
887 565 1194 647 praeterea
1225 584 1360 628 non
1391 566 1530 630 raro
1563 568 1951 633 antecedenti
1985 565 2267 639 nomini,
2307 577 2547 627 nomen
2560 573 2665 629 aut
2682 562 3058 629 verbumex
3077 578 3193 625 eo-

509 654 659 717 dem
689 650 1026 735 figuratum
1059 670 1166 730 per
1198 651 1667 730 παρονομαισιῖκν,
1711 665 1782 713 ut
1812 651 1875 713 in
1905 648 2249 724 Phoenice,
2555 676 2560 677 ff
3152 666 3158 670 ·

922 731 1100 793 Stult‘
1135 731 1213 812 ell
1230 780 1248 812 ,
1292 731 1395 828 qui
1421 754 1492 794 cu
1518 732 1627 799 ‚ida
1659 733 1888 817 cupiens
1919 733 2211 817 cupienter
2234 730 2414 822 cupit·

511 812 594 881 Et
612 818 675 881 in
693 814 918 897 Satyris
938 865 957 895 ‚
1001 812 1171 876 Nam
1201 835 1301 898 qut
1333 812 1485 899 lepid
1523 814 1774 899 pcstulat
1808 813 2059 878 alterum
2076 815 2363 895 frustrari
2477 846 2482 849 v
2599 840 2604 845 ·
2633 866 2638 873 .

930 895 1121 1044 gam
1133 897 1497 979 frustratur,
1524 898 1756 979 frustra
1784 919 1917 960 eum
1947 897 2086 960 dicit
2103 944 2121 972 ‚
2148 899 2383 981 frustra
2413 893 2536 977 effe.
2703 900 2708 913 “

848 996 849 999 ’
1004 1002 1101 1043 am
1128 979 1231 1065 qui
1244 980 1363 1060 sese
1378 980 1699 1062 frustrari,
1741 1002 1908 1066 quem
1920 981 2154 1062 frustra
2166 981 2389 1061 sentit.-

929 1062 1053 1149 Qui
1066 1061 1398 1142 frustratur
1415 1110 1434 1142 ,
1477 1062 1527 1122 is
1537 1062 1770 1143 frustra
1800 1063 1877 1144 est
1894 1111 1913 1144 ‚
1936 1059 2002 1139 st
2025 1084 2135 1126 non
2170 1063 2268 1127 ille
2298 1065 2377 1146 est
2395 1059 2642 1141 frustra.
2970 1113 2976 1119 .

514 1148 675 1214 Item
707 1166 811 1228 per
827 1141 1320 1225 προσονομασίαν,
1408 1164 1520 1208 uae
1551 1165 1683 1208 non
1712 1165 1967 1227 parvam
1992 1165 2144 1209 cum
2175 1144 2469 1229 superiori
2505 1141 2699 1225 figura
2729 1139 2922 1205 habet
2958 1157 3203 1229 cogna-

515 1234 755 1296 tionem
775 1278 794 1304 ,
836 1229 918 1292 ait
962 1229 1064 1291 lib.
1101 1227 1289 1296 incer:
1348 1244 1353 1249 ’
1404 1249 1445 1288 n
1475 1226 1706 1312 volgum
1738 1226 1929 1314 volgas
1952 1277 1972 1309 ,
2041 1243 2337 1317 artemque
2365 1224 2653 1311 expromis-
2684 1223 2967 1287 inertem.

516 1310 601 1377 Et
638 1312 739 1375 lib.
775 1311 961 1374 incer.
1045 1308 1117 1390 Is
1135 1330 1207 1369 ue
1241 1305 1597 1394 Hellesponto
1619 1325 1849 1393 pontem
1881 1310 2165 1372 contendit
2196 1312 2258 1374 in
2286 1311 2420 1375 alte.
2463 1368 2468 1373 .
2613 1364 2620 1371 ,
2959 1364 2962 1367 .
3055 1318 3056 1323 ’

514 1395 841 1461 Praeterea
876 1394 938 1457 in
970 1390 1073 1457 An
1123 1393 1450 1468 romache‚
1492 1389 1675 1472 Arce,
1718 1391 1801 1464 ξς*
1830 1393 1968 1461 urbe
1996 1393 2132 1456 orba
2141 1395 2319 1475 sum3
2361 1394 2427 1456 in
2455 1388 2810 1471 Phoenice,
2856 1420 2948 1455 —e-
2977 1388 3202 1453 adver-

504 1479 612 1559 sus
640 1475 1030 1557 adversari053
1087 1472 1147 1536 ἀ
1176 1474 1238 1537 in
1279 1470 1571 1547 Hectoris
1612 1473 1876 1554 lustreiS,
1939 1507 2020 1524 ·-·
2048 1492 2220 1574 atque
2246 1474 2408 1558 hasta
2429 1472 2663 1555 hostivit
2691 1473 2723 1534 ὲ
2749 1492 2998 1536 nem.
3073 1520 3080 1531 .
3121 1494 3131 1535 :

517 1557 787 1623 Ornavit
818 1559 1003 1623 etiam
1034 1558 1266 1641 lingula
1299 1556 1611 1623 interdum
1640 1558 1901 1623 nomina
1920 1558 2165 1642 lingulis
2198 1556 2504 1640 adjunctis
2535 1575 2641 1639 per
2657 1554 2937 1643 figuram
2965 1583 3002 1638 ‚v
3031 1562 3193 1638 qu'ae

520 1639 729 1721 σχέσις
758 1647 875 1704 τῶν
902 1640 1208 1717 ὀνομάτων
1240 1639 1496 1718 dicitur,

927 1720 1135 1801 Marsa
1164 1743 1369 1782 manus
1386 1769 1404 1801 ,
1445 1719 1694 1806 Peligna
1734 1720 1921 1785 cohors
1939 1773 1957 1804 ‚
1985 1724 2202 1806 festina
2237 1723 2438 1787 virum
2469 1721 2582 1785 vis.

521 1804 882 1871 Collocavit
932 1804 1387 1883 nonnunquam
1436 1808 1664 1868 multas
1712 1823 1899 1868 voces
1945 1809 2020 1869 ab
2065 1809 2293 1871 eodem
2325 1809 2639 1870 elemento
2673 1803 3050 1884 incipientes
3083 1822 3188 1886 pet

519 1890 835 1968 παρόμιονς
879 1885 1126 1966 quod&
1158 1885 1437 1966 ἀπρέπεια
1458 1886 1714 1966 dieitur,
1759 1887 2258 1967 quasiiudecens..
2301 1887 2360 1951 ὅ(
2387 1888 2646 1953 absurda
2661 1888 3017 1953 verborum
3037 1886 3190 1951 stru-

522 1969 713 2035 Ebura.
759 1972 860 2034 lib.
900 1971 1085 2033 incer.
1189 1964 1238 2031 O
1278 1957 1411 2029 Tite
1438 1982 1564 2028 tute
1591 1960 1769 2047 Tati,
1812 1968 1920 2029 tibi
1950 1983 2118 2032 tanta
2145 1984 2389 2057 tyranne
2418 1967 2620 2050 tulisti.

1713 2054 1727 2074 ξ

521 2052 924 2134 Quandoque
954 2052 1179 2123 eodem
1212 2054 1527 2116 elemento
1557 2069 1662 2130 per
1698 2050 2147 2132 ομοιοτέλευτον
2178 2050 2513 2132 diatones,
2555 2052 2655 2117 *tel
2687 2049 3031 2115 sententias
3065 2060 3188 2115 ter-‘-

522 2135 802 2201 minavit.
844 2131 975 2200 Tra
1022 2183 1036 2196 .
1066 2136 1253 2198 incer.
2237 2203 2240 2205 ‚
2655 2158 2660 2165 ·
2760 2176 2824 2201 .,-
2914 2144 2948 2153 ”
3025 2192 3030 2199 .
3069 2192 3074 2197 .
3113 2137 3182 2198 ..ἱ

996 2239 1051 2278 os
1084 2214 1319 2298 deduci,
1401 2216 1539 2281 urim
1572 2216 1855 2306 relinqui,
1896 2218 2103 2303 evehi,
2143 2218 2318 2308 qua'm
2349 2217 2525 2301 deseri
2554 2213 2758 2280 malui.

522 2297 605 2365 Et
637 2299 867 2365 Annal.
905 2299 962 2365 8.
1046 2300 1234 2376 Haud
1255 2299 1322 2361 do
1382 2300 1466 2362 eis
1499 2302 1699 2364 dic‘leis
1726 2305 2028 2367 certanteis
2043 2352 2062 2385 ‚
2088 2305 2198 2383 sed
2224 2301 2588 2367 maledie'leis.
2741 2317 2768 2352 Ἀ
3167 2345 3172 2356 ·

520 2381 823 2463 Ejusdem
852 2384 1087 2464 generis
1124 2382 1207 2447 est
1238 2384 1632 2461 ὁμοιόπτωτον
1661 2433 1681 2465 ,
1725 2387 1898 2466 quod
1925 2435 1944 2465 ‚
2006 2402 2076 2451 ut
2105 2386 2266 2467 apud
2300 2386 2602 2468 Aquilam
2631 2380 2995 2448 Alexander
3026 2380 3107 2447 N
3109 2402 3176 2446 u-

521 2466 767 2530 menius
814 2465 929 2545 ait,
975 2463 1054 2527 ita
1091 2469 1463 2546 appellatum
1497 2467 1578 2529 est
1611 2514 1631 2547 ‚
1685 2470 1830 2548 quia
1862 2470 2141 2533 membra
2170 2470 2230 2531 in
2264 2468 2519 2533 eosdem
2552 2464 2726 2530 casus
2760 2468 3047 2547 cadunt,
3107 2478 3179 2527 ut

523 2549 627 2611 lib.
662 2549 849 2610 incer.
930 2544 1280 2609 Moerenteis
1294 2596 1314 2628 ‚
1342 2547 1578 2627 flenteis
1602 2597 1622 2629 ,
1664 2547 2100 2629 lacrumanteis‚
2141 2573 2207 2612 ac
2236 2548 2596 2631 miserenteis.

524 2629 798 2695 Subinde
832 2628 1319 2707 locos.ejusdem
1355 2632 1628 2694 nominis
1662 2631 1890 2698 cafibus
1925 2635 2213 2702 varietate
2244 2629 2532 2697 distineris
2563 2631 2886 2698 exornavit
2919 2652 2940 2711 ς
2996 2626 3174 2710 quod

521 2713 771 2778 schema
802 2709 1185 2794 πολύπτωτον
1216 2716 1569 2794 appellatur.
1612 2711 1804 2808 Trag.
1835 2716 2021 2779 incer.
2261 2773 2278 2782 ,
2757 2747 2762 2753 ·
2969 2777 2972 2780 ,

937 2792 1056 2855 Pes
1117 2795 1215 2856 ede
1234 2796 1529 2880 premitur
1548 2845 1567 2876 ,
1609 2818 1788 2859 armas
1812 2811 2087 2859 teruntur
2109 2819 2298 2862 arma.

527 2874 608 2941 Et
642 2878 702 2939 in
739 2872 920 2938 He&
956 2811 1160 2941 Luffr.
1246 2875 1601 2962 Casti-eisque
1630 2879 1815 2958 castra
1843 2877 1991 2940 ultro*
2005 2882 2141 2963 jam
2155 2883 2286 2958 fere*
2317 2893 2586 2965 occupat..
3129 2941 3130 2944 ,

527 2959 850 3022 Interdum
887 2977 990 3036 per
1021 2958 1337 3024 ἀσύνθετον
1367 2960 1738 3025 'sententiam
1764 2963 2021 3042 protulit
2060 2963 2310 3029 sublatis
2341 2956 2864 3044 conjunctionum
2881 2956 3167 3027 vinculis.

531 3038 626 3106 Ex
658 3041 803 3103 solis
834 3040 1190 3105 nominibus
1236 3042 1339 3105 lib.
1377 3043 1562 3105 incer.
2931 3081 2934 3086 >

943 3119 1152 3204 Marsa
1182 3146 1388 3185 manus
1404 3174 1422 3206 ,
1467 3120 1717 3207 Peligna
1747 3123 1936 3189 cohors
1951 3174 1970 3208 ,
1998 3127 2213 3209 fhstina
2241 3128 2440 3192 viram
2471 3126 2582 3190 vis.

526 3199 621 3267 Ex
653 3201 800 3268 solis
832 3205 1027 3268 verbis
1062 3208 1162 3270 lib.
1199 3228 1255 3271 2.
1291 3204 1483 3278 Satvr.
1578 3271 1583 3278 ,
2461 3247 2464 3250 -

938 3286 1228 3367 Restitanc
1245 3338 1261 3369 ‚
1304 3290 1592 3369 occursant
1608 3339 1627 3370 ,
1669 3290 1883 3371 obstant
1902 3338 1921 3368 ,
1960 3292 2374 3378 affringillant
2392 3343 2408 3371 ,
2452 3289 2821 3375 obganniunt.

525 3365 766 3434 Eadem
800 3366 993 3451 figura
1027 3373 1401 3436 celeritatem
1432 3372 1767 3454 aliquando
1799 3375 2045 3454 incitat,
2087 3375 2145 3438 ἃ
2177 3376 2519 3461 energiam,

937 3451 1092 3533 Age,
1136 3453 1329 3536 adsta,
1369 3476 1571 3536 mane,
1615 3455 1790 3530 audi,
1833 3456 1984 3534 itera
2021 3489 2110 3505 ---
2681 3521 2682 3524 ,
2751 3515 2758 3528 ,

524 3533 695 3598 Huic
725 3531 1186 3615 πολυσύνδετον,
1229 3537 1401 3616 quod
1435 3536 1980 3620 conjunclionibus
2016 3541 2318 3622 abundet,
2355 3538 2722 3606 adversatur.
2768 3539 2869 3604 lib.
2903 3538 3088 3603 incer.

689 3648 699 3659 ·
1024 3650 1107 3665 ·-·
1148 3618 1458 3704 divumque
1484 3618 1888 3707 hominumque
1920 3637 2090 3707 pater
2121 3622 2280 3686 Rex.
2791 3641 2798 3648 ·
2881 3639 2884 3646 “
3155 3625 3162 3630 ’

524 3699 627 3763 lib.
664 3699 848 3762 incer.
1012 3733 1097 3746 ··-
1126 3714 1360 3785 patrem
1392 3700 1705 3789 divumque
1735 3699 2159 3793 hominumque.

523 3781 686 3845 Item
704 3780 931 3844 Annal.
952 3796 1009 3859 7.
1053 3818 1136 3831 -·-
1176 3783 1435 3870 clamque
1450 3783 1779 3872 palamque.
1837 3784 1897 3849 δι
1920 3807 2017 3869 15.
2060 3822 2144 3837 --
2172 3788 2446 3874 ferroque
2477 3786 2722 3875 lupique.
2777 3783 2834 3849 ὅτ
2856 3802 3013 3871 3.--
3033 3784 3167 3865 fiu-

525 3863 733 3947 teisque
748 3862 1010 3950 feroque.
1094 3865 1241 3929 Ibid.
1319 3900 1401 3913 --
1441 3865 1748 3954 urbemque
1760 3868 2091 3956 forumque.
2748 3891 2756 3898 ·
2888 3891 2896 3899 ·
2995 3923 3000 3932 .

523 3931 794 4022 Interea,
840 3963 907 4008 ut
938 3947 1225 4012 varietate
1257 3948 1639 4013 audientium
1669 3952 1910 4016 animos
1943 3950 2309 4031 obleetaret,
2353 3953 2507 4018 inter
2545 3947 3171 4033 praestantiom·s9h⁶·f

524 4044 690 4092 mata
720 4028 881 4092 haud
916 4028 1085 4095 secus
1120 4030 1337 4097 vitiosa
1360 4032 1679 4115 quaedam
1706 4033 1958 4101 inseruit
1986 4083 2007 4121 ‚
2065 4037 2254 4120 quam
2283 4038 2348 4101 in
2377 4036 2723 4119 epularibus
2755 4025 3172 4169 ‘accubaticgnig

1058 4139 1067 4144 -
3096 4123 3134 4166 u
