3470 4568
685 138 1328 240 Hrnnonvuo
1381 160 1889 241 Communia
1937 167 2450 243 Ano-rone.
2821 189 2918 274 25

266 302 423 389 quid
453 300 630 377 aliud
662 301 1007 385 declarant,
1048 298 1156 365 nili
1187 281 1491 366 illos'non
1524 300 1641 367 effi:
1672 300 1888 386 Deos,
1933 303 2037 369 sed
2073 304 2270 371 alium
2296 301 2661 404 quempiam
2686 301 2922 390 ingeni-

264 404 442 470 tum,
488 384 553 451 ἀ
586 385 1049 465 immortalem,
1089 400 1282 467 quem
1318 381 1558 449 Ennius
1589 386 1797 468 aperte
1828 386 2217 473 fignificavit‚
2262 387 2575 453 cumdixit
2607 386 2711 452 lib.
2730 389 2919 454 incer.

1025 500 1112 515 -·-
1139 482 1376 552 patrem
1398 463 1720 555 &divamque
1749 467 2151 558 hominumque

267 552 334 619 δι
360 554 463 618 lib.
475 552 670 617 incer.
1030 581 1115 598 ο·-
1151 549 1259 612 div
1281 553 1301 574 ⁸
1398 572 1470 612 ae
1498 549 1902 640 hominumque
1969 569 2097 618 ater
2126 551 2299 636 Rex,

278 633 507 702 cunfla
534 653 786 721 regere,
827 649 1012 718 atque
1040 571 1596 727 moderfflsstem
1625 634 1854 701 Annal.
1885 569 1970 699 ξ

656 748 679 763 1
692 710 850 780 Tum
878 739 1011 781 cnm
1043 716 1206 779 corde
1219 716 1329 805 sno
1359 715 1564 780 davum
1582 733 1792 804 pacem*
1834 734 2010 807 atque
2023 718 2317 784 hominum
2334 719 2500 785 Rex.
2556 718 2811 803 Effatur
2840 749 2922 766 ·-

270 802 429 885 Quo
464 806 620 868 loco
647 799 864 865 frustra
900 801 1267 867 describeret
1296 797 1593 864 Deorum
1610 803 1992 867 concionem
2010 803 2289 870 coactam
2310 803 2522 885 fuiffe,
2565 803 2671 865 nifi
2690 799 2937 880 aliquid

263 888 331 951 in
350 906 437 952 ea
465 886 546 950 de
579 886 762 949 rebus
795 884 1081 951 humanis
1114 883 1503 965 statueretur,
1547 898 1619 949 ut
1648 885 1827 964 saepe
1858 887 1932 948 ab
1948 885 2238 951 Homero
2257 935 2276 968 ,
2319 887 2377 950 ἂ
2401 885 2665 972 Virgilio
2684 882 2923 948 factum

262 969 370 1035 est.
433 967 564 1033 Sed
596 972 781 1031 locus
815 970 920 1032 ille
952 969 1019 1032 in
1050 964 1421 1048 Epicharmo
1454 965 1763 1048 praeclare
1796 967 2023 1032 indicat
2055 966 2272 1032 Deum
2303 1017 2323 1050 ,
2383 987 2576 1050 quem
2605 965 2732 1048 ipse
2765 964 2797 1027 a
2822 984 2925 1046 Ju-
2959 952 3040 1015 26

271 1050 489 1117 vando
520 1050 775 1116 videtur
802 1048 1033 1129 Jovem
1060 1048 1417 1132 appellasse,
1459 1068 1594 1114 non
1621 1047 1823 1115 modo
1855 1067 2065 1115 rerum
2089 1053 2384 1118 omnium
2413 1048 2737 1118 auctorem
2768 1047 2922 1128 effe,

260 1135 369 1201 sed
399 1137 667 1200 illarum
699 1134 889 1199 etiam
920 1152 1139 1198 curam
1167 1134 1419 1215 habere,

746 1215 845 1280 uei
869 1214 1188 1298 mor-taleis,
1232 1216 1452 1297 urbeis,
1496 1230 1562 1278 at
1599 1237 1671 1279 ue
1699 1214 1919 1279 belluas
1944 1218 2161 1281 omneis
2169 1218 2374 1303 juvat.

288 1367 305 1379 ,
754 1298 870 1361 uod
890 1299 1014 1361 heic
1040 1298 1250 1362 omneis
1264 1346 1284 1380 ‚
1325 1298 1407 1369 ἐρ’
1421 1298 1537 1380 fieb
1562 1236 1667 1361 {oc
1703 1331 1791 1348 ---

275 1384 495 1468 Quem
516 1384 809 1450 eundem
838 1383 905 1447 in
935 1380 1223 1448 HeEtoris
1258 1383 1487 1447 lustreis
1518 1380 2046 1465 omnipotentem
2073 1387 2439 1467 appellavit,

693 1465 787 1528 At
814 1486 945 1560 ego²
985 1464 1164 1529 Omni
1199 1480 1384 1547 otens,
1424 1479 1485 1525 te
1510 1468 1740 1552 exposco
1755 1514 1776 1548 ,
1817 1480 1888 1529 ut
1918 1464 2020 1529 hoc
2065 1465 2354 1543 confilium

689 1545 968 1614 Achtvers
993 1548 1144 1611 auxi
1166 1549 1219 1610 io
1232 1548 1378 1625 fuat
1415 1582 1502 1597 ···-
1724 1582 1733 1613 .‹
2606 1574 2614 1584 ·

279 1631 370 1699 At
402 1632 551 1698 verb
602 1633 671 1695 in
717 1628 986 1714 Thyeste
1033 1628 1393 1713 Euripidem
1439 1632 1738 1713 sequutus
1772 1631 1938 1698 aliud
1972 1630 2206 1696 senfiffi:
2234 1634 2312 1697 de
2342 1629 2483 1697 Diis
2513 1629 2706 1697 videri
2736 1627 2928 1711 posset

274 1719 354 1783 ab
383 1735 464 1781 eo
484 1764 506 1797 ,
546 1715 728 1797 quod
762 1714 939 1780 antea
971 1714 1220 1779 dixerat.
1279 1712 1552 1780 Caelum
1581 1714 1752 1778 enim
1782 1716 1861 1779 fic
1894 1712 2110 1779 Deum
2134 1716 2312 1797 facit,

693 1833 779 1847 -—
816 1796 1015 1881 Aspice
1040 1795 1142 1859 hoc
1227 1794 1480 1859 Sublime
1511 1796 1753 1859 candens
1769 1845 1789 1877 ‚
1830 1817 1998 1883 quem
2030 1813 2238 1861 vocant
2268 1820 2457 1860 omnes
2468 1797 2706 1880 Jovem.

273 1880 745 1962 AtinHecuba
774 1880 939 1964 quafi
970 1881 1237 1963 seipsum
1271 1881 1583 1964 corrigens
1617 1879 1887 1945 Caelum
1918 1877 2207 1946 Deorum
2240 1881 2454 1948 sedem
2485 1880 2602 1946 effe
2634 1878 2818 1965 dicit,

704 1960 754 2026 0
787 1982 1001 2048 magna
1028 1961 1244 2048 templa
1272 1961 1545 2025 caelitum
2817 2012 2820 2017 Α
2868 1988 2871 1993 ·

275 2045 372 2112 Et
403 2048 518 2110 lib.
532 2047 718 2109 incer.
935 2080 1011 2095 ο·-
1058 2046 1263 2108 divim
1290 2044 1489 2107 domus
1515 2045 1817 2125 altisonum
1846 2046 1984 2110 cael.

288 2125 386 2193 Et
402 2130 475 2191 'm
502 2148 528 2191 1
543 2175 557 2188 .
577 2126 832 2208 Annali,
918 2127 1202 2192 Romulus
1225 2128 1288 2188 in
1318 2126 1538 2189 caelum
1568 2150 1701 2191 cum
1733 2128 1881 2192 Deis
1901 2127 2256 2216 genitalibus
2292 2150 2507 2193 aevum
2587 2127 2780 2215 Degis,
2815 2163 2901 2181 -·-

299 2210 494 2292 Quos
536 2213 710 2273 nullo
739 2211 1117 2277 detrimento
1164 2210 1323 2276 affici
1371 2210 1731 2278 existimavit
1764 2260 1783 2292 ‚
1840 2212 1990 2277 cum
2036 2213 2188 2278 dixit
2219 2263 2238 2297 ,
2315 2213 2571 2299 Integros
2601 2213 2737 2276 aevi
2764 2212 2939 2278 Deos.

290 2292 554 2362 Deinde
587 2291 732 2357 cum
762 2295 840 2359 ad
874 2294 984 2358 sua
1013 2297 1208 2378 usque
1237 2310 1521 2375 tempora
1552 2315 1697 2361 vera
1726 2293 1851 2360 Dei
1883 2297 2064 2362 notio
2095 2316 2223 2362 non
2242 2299 2511 2362 omnino
2526 2295 2835 2380 perspeeta
2848 2297 2945 2362 es-

284 2377 421 2458 set,
464 2376 572 2441 sed
608 2376 769 2458 quali
806 2379 1069 2442 tenebris
1088 2378 1388 2443 obvoluta
1412 2376 1677 2459 jaceret3
1721 2379 1810 2442 nil
1827 2380 2118 2444 mirumst
2136 2383 2482 2461 plurimum
2503 2380 2818 2449 Fortunae
2834 2382 2940 2448 tri-

282 2460 445 2525 buit.
505 2455 613 2524 Sic
646 2461 815 2524 enirn
849 2459 1112 2542 Pyrrhus
1139 2455 1583 2526 Romanorum
1615 2460 1714 2526 Le
1759 2478 1890 2527 atos
1924 2466 2262 2544 alloquitur
2288 2464 2521 2530 Annal.
2543 2485 2601 2549 5.

713 2541 894 2623 Vosne
919 2543 1064 2607 velit
1080 2592 1099 2625 ‚
1139 2563 1218 2603 an
1247 2564 1369 2636 me,
1412 2566 1477 2605 re
1504 2565 1655 2606 ¹nare
1684 2481 1853 2607 lgm
1868 2593 1890 2626 ,
1931 2546 2142 2642 quidve
2159 2548 2328 2627 ferat
2337 2548 2484 2630 sors.

286 2623 375 2692 Et
404 2644 560 2691 mox
574 2673 595 2707 ‚
722 2623 987 2772 geor-sm»
1016 2626 1261 2694 virtuter
1289 2624 1423 2696 belli
1452 2564 1706 2689 §nana
1720 2642 1995 2713 pepercst.

289 2709 459 2776 Item
490 2707 551 2774 8.
572 2705 725 2773 Ann
790 2729 848 2788 ι,
1171 2743 1256 2758 -··
1293 2708 1593 2773 mortalem
1624 2707 1879 2775 Fortuna
1908 2711 2135 2795 repente

719 2789 998 2854 Reddidit
1011 2840 1032 2874 ,
1075 2806 1144 2852 ut
1159 2794 1387 2872 summo
1417 2792 1447 2853 ἑ
1478 2814 1645 2878 regno
1658 2792 1865 2871 famul
1887 2792 2147 2872 insumus
2173 2792 2325 2875 effet..

302 2869 394 2939 Εἰ
429 2874 657 2940 eodem
687 2876 838 2938 loco
851 2923 871 2956 ‚
1088 2908 1169 2924 --
1209 2874 1398 2937 multa
1423 2875 1542 2938 dies
1573 2876 1638 2937 in
1665 2874 1806 2937 bello
1833 2876 2056 2959 cotficit
2083 2897 2229 2941 unus
2246 2898 2271 2939 .·

722 2955 813 3019 Et
850 2960 1046 3040 rursus
1072 2955 1291 3020 multae
1316 2954 1603 3021 Fortunas
1613 2957 1774 3037 forte
1805 2959 2163 3024 recumbunt.

722 3038 917 3102 Haud
941 3061 1243 3130 quaquam
1233 3060 1589 3187 {quenquam
1595 3044 1829 3128 semper
1860 3040 2116 3107 Fortuna
2131 3039 2467 3131 sequutass.

300 3120 549 3189 Rursus
566 3124 632 3187 in
652 3141 751 3207 14.
836 3157 916 3172 --
941 3143 1088 3211 quae
1115 3146 1208 3187 me
1278 3138 1488 3186 ortana
1509 3125 1690 3202 ferox
1699 3123 1792 3202 fic
1873 3124 2157 3189 Contudit
2191 3160 2278 3175 -·-

300 3204 456 3274 Nec
487 3207 971 3287 praetermittam
1004 3213 1221 3272 locum
1253 3208 1437 3271 illum
1463 3226 1535 3271 ex
1568 3206 1874 3290 Thyeste,

724 3287 865 3351 Heu
893 3309 985 3350 me
1014 3287 1300 3369 Fortuna,
1340 3303 1411 3351 ut
1439 3290 1633 3352 omnia
1658 3290 1723 3351 in
1755 3312 1848 3351 me
1880 3291 2256 3376 conglomeras
2288 3290 2464 3355 mala.

304 3367 459 3438 Nec
473 3370 777 3451 temporis
793 3372 1357 3454 opportunitatem,
1400 3391 1559 3453 quae
1587 3371 1854 3437 Occafio
1882 3376 2144 3454 dicitur,
2185 3390 2477 3458 tanquam
2510 3372 2825 3442 Fortunae
2854 3395 2962 3460 pc·

308 3454 687 3538 diffequam‚
734 3460 834 3520 vel
872 3455 1205 3537 comitem,
1239 3473 1435 3602 parva
1468 3455 1833 3523 existimavit
1863 3457 1928 3521 in
1965 3461 2142 3525 rebus
2181 3460 2509 3543 omnibus,
2557 3456 2956 3544 &praecipue

313 3539 553 3605 bellicis
584 3538 805 3602 habere
837 3554 1177 3602 momenta.
1286 3537 1342 3599 ic
1372 3539 1542 3602 enim
1578 3540 1642 3603 in
1678 3538 1738 3605 8.
1772 3539 2043 3623 Annali,
2475 3539 2486 3549 ’

734 3618 796 3684 A
872 3616 1113 3702 Occasus
1144 3619 1275 3681 ubei
1288 3667 1309 3701 ,
1353 3623 1645 3706 tempusve
1672 3622 1889 3685 audere
1918 3647 1951 3686 r
2050 3624 2188 3706 effit.

314 3703 393 3770 Iu
425 3726 483 3771 2.
806 3702 890 3765 eic
916 3701 1089 3766 datus
1115 3702 1196 3785 est
1225 3702 1464 3783 Occafits
1479 3752 1497 3782 ‚
1539 3702 1824 3769 Horatius
1852 3638 2098 3771 inth'u’
2108 3705 2292 3789 filtu.
2996 3742 3075 3809 27

315 3787 391 3855 In
425 3804 485 3866 5.
1176 3819 1261 3834 ---
1305 3783 1549 3869 Occafics
1557 3788 1746 3869 juvat
1774 3812 1884 3853 res.

312 3865 404 3936 Et
432 3869 497 3933 in
532 3868 636 3937 16.
751 3865 880 3956 Quo
911 3867 1128 3954 refhpsa
1157 3867 1267 3931 Ioco
1281 3869 1401 3949 sese
1432 3871 1779 3959 ostentaque
1823 3873 2095 3961 'ubetque.

316 3948 505 4018 Tum
535 3950 1044 4017 vaticinationem
1076 3950 1108 4015 a
1142 3948 1278 4016 Diis
1311 3952 1429 4016 essc
1467 3973 1547 4018 eo
1580 3957 1727 4020 loco
1789 3956 1977 4036 enfit,

738 4031 929 4122 Atque
956 4031 1226 4118 Anchises
1258 4034 1426 4100 doda
1440 4083 1460 4120 ,
1502 4035 1697 4107 Venus
1726 4059 1897 4127 quem
1915 4036 2412 4187 polcradDearum
2863 4111 2971 4180 ἢ·
