3470 4568
605 216 1155 300 Vaaton.
1273 221 1970 299 Eaun1ron.

272 346 424 406 Hinc
449 340 595 422 apud
616 344 935 423 Euripidem
967 346 1044 405 est
1069 346 1270 405 nobilis
1309 346 1404 405 illa
1442 348 1561 405 sen-

273 422 477 483 tentia,
520 418 643 478 awa
672 423 786 499 γὰρ
816 427 1046 489 πολλοὺς
1072 428 1302 501 figes-3¹,
1342 429 1397 482 &
1421 442 1570 500 quaer

275 497 603 575 sequuntur.
683 498 794 555 Pro
827 502 1027 576 quibus
1052 499 1196 578 apud
1225 502 1561 561 Ciceronem

274 574 513 652 legitur:
566 581 709 634 Nam
736 576 894 632 muln·
903 576 1059 651 suam
1085 597 1193 634 rem
1222 577 1340 634 bene
1355 579 1526 654 ἔφη
1538 620 1560 649 ,

279 671 354 714 (9·
372 649 629 725 publicam
650 652 828 724 patrici
847 652 1020 728 procul
1043 675 1062 708 .-
1119 653 1277 709 νηπίη·
1305 658 1397 731 qui
1420 655 1561 710 domi

275 741 499 785 aetatem
511 742 708 800 agerent
726 768 745 798 ,
761 741 1012 804 propterea
1023 730 1150 804 sunt
1163 730 1448 805 improbati.
1485 730 1559 788 Ea

277 800 353 861 fic
380 802 660 881 digerebat
692 806 966 862 Antonius
992 811 1270 864 Muretus:

542 912 717 930 —-
746 890 891 937 Nam
906 882 1217 953 multificum

353 964 483 1014 Rem
496 955 821 1031 benegeffere,
835 957 1167 1033 &publicam
1174 959 1530 1035 patriaiprocul
1543 982 1561 1015 .-

350 1031 523 1090 Multi
536 1032 675 1088 domi
688 1037 777 1108 qui
789 1050 1008 1091 aetatem
1022 1052 1219 1110 egerunt
1231 1077 1253 1106 ,
1266 1049 1525 1113 propterea

351 1116 481 1166 Sunt
493 1107 762 1184 improbati

274 1184 390 1245 Sed
416 1185 478 1241 in
507 1186 772 1243 omnibus
797 1190 910 1245 anti
957 1190 1040 1245 uis
1071 1186 1229 1246 libris
1271 1193 1288 1265 (
1313 1206 1372 1247 ut
1397 1190 1562 1247 etiam

272 1259 504 1322 Paullus
543 1266 822 1321 Manutius
865 1280 920 1322 te
964 1267 1114 1335 atur)
1157 1264 1414 1344 scriptum
1455 1266 1565 1339 est,

283 1336 398 1413 §Lai
423 1338 560 1394 domi
580 1353 798 1396 aetatem
821 1358 1018 1413 agerent
1038 1365 1054 1396 .-
1109 1362 1225 1399 non
1241 1383 1262 1412 ,
1298 1346 1454 1399 Domi
1477 1346 1568 1420 qui

282 1417 1396 1573 ssssffzffni³issssissoffif²i>ssssss¹ffissp⁸5st
1406 1418 1570 1551 {2¹:155-

282 1563 539 1624 excidiss‘e
571 1565 625 1622 τὶ
653 1585 774 1643 que,
814 1568 886 1625 ob
925 1568 1155 1644 sequens
1185 1575 1293 1648 qui.
1371 1569 1567 1629 Solent

281 1646 435 1702 enim
460 1642 706 1713 librarii,
747 1644 840 1701 ubi
872 1664 1212 1704 concurrunt
1239 1645 1476 1724 syllabae
1505 1645 1566 1705 fi·

282 1717 484 1790 miles,
522 1718 836 1778 alterutram
880 1725 1201 1799 praeterire:
1259 1741 1321 1781 ut
1353 1720 1562 1796 sciunt,

284 1798 386 1873 qui
419 1811 628 1855 veteres
659 1797 951 1855 tractarunt
981 1797 1173 1857 libros.
1216 1800 1360 1872 Quo
1385 1798 1566 1856 obser-

285 1889 450 1943 vato,
491 1870 632 1929 nihil
658 1871 797 1933 ultra
826 1876 1023 1933 mutari
1049 1895 1210 1955 opus.
1264 1877 1355 1935 Sic
1395 1876 1566 1955 igitur

281 1947 668 2007 scribendum:
1138 1984 1144 1990 -

765 2033 906 2084 Nam
923 2027 1081 2085 multi
1091 2029 1236 2099 sitam

370 2108 499 2158 Rem
511 2098 625 2158 bene
633 2108 831 2176 gessere,
844 2123 912 2166 (9·
922 2103 1175 2179 publicam
1191 2105 1369 2180 patriti
1378 2103 1570 2180 procul3

369 2174 634 2255 mltique
662 2182 752 2255 qui
779 2182 920 2237 domi
943 2197 1161 2238 aetatem
1181 2196 1380 2258 agerent
1391 2223 1412 2254 ‚
1457 2196 1572 2257 pro·

552 2270 685 2312 terea

366 2335 497 2386 Sum
514 2267 803 2406 'improbate'
835 2367 1010 2386 —..

287 2408 482 2483 Atque
521 2408 597 2465 ita
625 2412 876 2485 quiaque
914 2412 1044 2470 istos
1076 2413 1352 2490 Euripidis
1391 2410 1576 2470 versus

290 2485 548 2561 quinque
595 2484 715 2543 aliis
752 2503 814 2543 ac
856 2486 1089 2555 dimidio
1129 2486 1434 2568 expressrffe
1471 2491 1577 2545 En·

289 2561 458 2644 pium
487 2559 703 2619 censeo.
757 2563 823 2620 In
851 2581 967 2639 quo
990 2584 1212 2643 operam
1243 2584 1422 2625 meam
1461 2584 1580 2622 non

277 2635 472 2714 jacto:
511 2635 602 2695 sed
630 2655 812 2696 tamen
841 2659 1034 2698 omnes
1061 2641 1254 2700 frustra
1287 2643 1580 2718 fuere,qui

292 2711 525 2771 antehac
542 2714 602 2772 in
618 2713 928 2793 digerendis
945 2716 1062 2776 illis
1079 2718 1580 2777 laborarunt.Voss.

378 2788 445 2845 P.
476 2810 610 2863 ²04·
649 2801 794 2849 Nam
824 2797 941 2869 ter]
998 2797 1137 2853 Non
1178 2794 1376 2853 eodem
1456 2791 1581 2853 lane

233 2927 242 2934 ,
297 2863 477 2928 modo
506 2869 664 2926 Non.
688 2873 741 2926 8<
763 2868 857 2926 alii
888 2872 1097 2940 citant3
1156 2889 1344 2947 putem
1378 2890 1411 2928 u
1451 2872 1585 2948 ique

294 2940 420 3020 leg.
459 2950 602 3001 Nam
632 2960 707 3001 ter
734 2943 823 3013 sub
850 2950 1011 3002 armis
1047 2947 1257 3003 mallem
1286 2950 1458 3002 vitam
1488 2967 1586 3003 cer·

297 3036 436 3074 nere.
476 3019 585 3078 hoc
602 3021 679 3078 est
692 3021 970 3094 dimicare,
986 3040 1046 3081 ut
1064 3022 1207 3083 recte
1224 3040 1416 3081 contra
1430 3026 1585 3082 Non.

295 3097 575 3156 Muretus.
614 3099 902 3156 Damus.

382 3179 528 3229 Nam
556 3188 631 3229 ter
649 3175 746 3247 sub
767 3178 928 3231 armis
957 3177 1141 3235 malim
1170 3179 1346 3236 vitam
1378 3198 1588 3252 cernere,

306 3246 463 3322 &c.]
524 3251 744 3337 Nonius
787 3247 1007 3323 scribit,
1048 3275 1239 3313 cernere
1263 3275 1413 3314 nunc
1455 3256 1588 3335 poni

304 3340 415 3399 pro
436 3340 698 3408 amittet-03
754 3346 901 3386 nunc
923 3349 1031 3407 pro
1050 3332 1324 3399 dimicare,
1366 3334 1456 3391 vel
1482 3352 1592 3391 con·

299 3399 523 3457 tendere.
578 3406 884 3479 Utriusque
915 3409 1233 3484 exemplum
1267 3409 1399 3467 facit
1438 3409 1588 3467 hunc

300 3475 474 3533 Ennii
505 3475 716 3539 locum.
758 3482 926 3560 Qae
956 3480 1147 3560 supina
1172 3486 1453 3544 oscitantia
1492 3487 1591 3544 est.

302 3555 569 3611 Omnino
601 3554 733 3615 verb
758 3578 860 3636 pro
872 3558 1114 3617 dimicare
1137 3562 1423 3637 accipitur.
1443 3563 1591 3621 Nam

299 3628 453 3719 apud
484 3633 836 3709 Euripidem,
874 3654 1042 3711 quem
1077 3638 1284 3695 Ennius
1314 3636 1594 3716 expressit,

296 3701 510 3782 legrtur
534 3713 666 3786 παρ’
695 3709 910 3768 ἀπίδοι
937 3715 1100 3777 ἄνευ.
1141 3715 1403 3772 Vossms.

384 3782 449 3838 P.
470 3802 604 3853 205.
643 3788 698 3841 Si
725 3789 998 3861 resecando
1026 3789 1218 3847 lumine
1239 3791 1322 3847 hic
1338 3789 1592 3866 offndero,

303 3858 462 3934 &c.]
503 3861 894 3940 Fragmentum
919 3865 1062 3938 hoc,
1101 3867 1238 3925 item
1267 3867 1595 3939 illud,Am‘·

301 3951 458 4021 mufn
487 3935 699 3994 adverte
713 3980 735 4010 ,
776 3944 830 3998 &
846 3982 868 4012 ,
907 3944 1061 3999 Diae
1082 3959 1238 4016 pare,
1282 3949 1336 4002 &
1350 3987 1371 4016 ,
1390 3954 1597 4002 Praeter

295 4025 586 4082 regnatum
602 4013 656 4089 fi
683 4035 893 4092 querare
903 4036 924 4086 3
963 4016 1030 4078 eb
1052 4022 1214 4077 Ennii
1229 4017 1332 4079 effe
1363 4021 1598 4080 credun-

291 4100 428 4160 tur,
470 4091 599 4166 quia
638 4091 876 4172 expreffa
913 4093 1040 4155 sunt
1076 4095 1146 4159 de
1176 4098 1454 4179 Euripidis
1479 4102 1599 4179 Meg

1634 1660 1791 1723 ptum
1814 1648 1977 1704 clavis
1991 1647 2181 1723 praefix

2086 214 2535 295 NOTAE.
2764 235 2923 311 337

1642 345 1743 404 dea
1762 366 1777 402 ε
1794 344 1886 402 ubi
1903 345 2094 403 Creon
2110 346 2168 401 in
2183 342 2412 402 eandem
2432 339 2754 400 sententiam
2771 356 2921 396 com-

1643 422 1814 500 pellat
1850 422 2123 481 Medeam.
2163 424 2427 479 VossmS.

1721 507 1900 556 Teneor
1924 496 2173 575 confipta]
2228 497 2413 556 Festus
2446 492 2611 553 docet
2641 511 2709 551 ex
2739 492 2923 550 Medea

1642 573 1768 634 effe.
1808 576 1965 632 Non.
1998 585 2247 633 Nemeam
2274 575 2423 631 citat.
2462 571 2773 630 mendosus.
2815 571 2923 625 Po-

1641 653 1750 709 tuit
1784 670 1975 709 tamen
2006 652 2216 709 Ennius
2252 659 2498 707 Nemeam
2527 666 2755 724 quoque
2797 644 2923 702 scri·

1639 728 1789 806 pfiss'e
1821 728 2131 785 imitatione
2156 727 2510 804 Theopompi
2536 725 2789 791 Comici,
2830 740 2922 777 cu-

1639 822 1727 881 jus
1758 807 2028 862 Nemeam
2050 806 2181 861 citat
2210 802 2541 861 Athenaeus.
2631 798 2770 859 Sane
2801 799 2916 854 Pri-

1639 880 1802 939 scian.
1830 879 1868 937 l.
1892 899 2028 950 5.ex
2060 882 2270 949 Nemea
2300 880 2464 936 Ennii
2497 875 2755 953 quiddam
2789 893 2919 951 pro-

1637 961 1792 1025 fert3
1844 957 1995 1032 quod
2039 977 2140 1014 nos
2184 974 2369 1013 tamen
2397 956 2456 1011 in
2493 953 2744 1011 Medeam
2788 949 2922 1026 (etfi

1641 1032 1875 1106 timide)
1910 1032 2351 1111 transcripsimus.
2391 1033 2678 1088 Damus.

1718 1120 1900 1170 Teneor
1927 1110 2167 1186 confimat,
2205 1110 2425 1183 undique
2438 1107 2636 1180 venor]
2679 1112 2831 1160 Venor
2847 1103 2927 1161 est

1643 1188 2041 1257 circumvenior,
2083 1190 2388 1263 interprete
2411 1185 2622 1241 Nonio.
2677 1182 2785 1237 Pro
2813 1199 2924 1237 con·

1644 1262 1768 1340 sspta
1801 1263 1971 1344 vulgo
2000 1264 2279 1342 legebatur
2324 1262 2575 1337 cmftpta:
2631 1257 2776 1315 unde
2821 1258 2928 1315 Mi-

1646 1340 1800 1399 chael
1833 1344 2093 1399 Bentinus
2131 1339 2471 1416 conjectabat
2501 1347 2739 1409 correpta.
2814 1332 2926 1393 Sed

1650 1419 1860 1475 reRum
1893 1416 1968 1474 est
1995 1417 2210 1493 consepta
2242 1458 2261 1486 ,
2314 1412 2420 1471 five
2456 1412 2639 1492 potius
2677 1408 2888 1483 confipta
2908 1431 2925 1464 .·

1646 1494 1800 1571 quod
1839 1496 2150 1551 Ennianum
2197 1493 2293 1550 est.
2372 1494 2589 1549 Festus:
2639 1486 2930 1567 Consspmm

1645 1573 1783 1646 apud
1812 1574 2037 1627 Ennium
2054 1584 2144 1646 pro
2171 1570 2443 1643 conseptum
2470 1568 2709 1642 rqoeritur
2725 1589 2741 1619 .·
2758 1561 2936 1640 Confi-

2181 1666 2289 1704 um.
2366 1642 2539 1702 Porro
2569 1642 2724 1699 locus
2768 1640 2867 1698 ille
2897 1641 2932 1696 ἐι

1647 1725 1843 1781 Nonio
1870 1724 2128 1782 adduflus
2154 1725 2351 1782 citatur
2395 1741 2461 1779 ex
2495 1718 2733 1790 Nemea,
2778 1717 2933 1794 juxta

1647 1801 1942 1877 Junianum
1979 1800 2187 1876 Majum
2205 1842 2225 1871 ,
2265 1802 2398 1857 item
2428 1798 2584 1855 editt.
2613 1812 2933 1871 vett.atque

1647 1878 1814 1934 etiam
1847 1879 2007 1936 MSS.
2059 1878 2165 1935 Sed
2199 1878 2379 1932 Medea
2408 1875 2518 1955 legi
2548 1873 2930 1942 debere,con·

1651 1951 1857 2029 jestura
1888 1955 1964 2011 est
1998 1955 2222 2010 Henrici
2255 1951 2556 2028 Stephani,
2598 1954 2648 2006 81
2670 1947 2935 2006 Hadriani

1650 2031 1821 2107 Junii.
1878 2032 1949 2086 At
1977 2029 2112 2105 quid
2136 2028 2396 2105 impedit,
2435 2045 2530 2082 cur
2560 2027 2829 2082 Nemeam
2863 2023 2930 2078 ab

1651 2108 1836 2163 Ennio
1879 2107 2127 2184 scriptam
2161 2105 2471 2171 credamus,
2512 2098 2640 2158 cum
2675 2120 2789 2157 non
2820 2116 2934 2155 tan-

1654 2186 1777 2240 tum
1805 2183 2241 2259 Theopompus,
2274 2182 2299 2256 (
2314 2180 2382 2237 de
2410 2198 2524 2255 quo
2554 2176 2761 2236 constat
2778 2196 2846 2234 ex
2865 2178 2938 2232 A·

1656 2259 1934 2337 thenaeo)
1970 2259 2059 2318 sed
2078 2257 2378 2334 Aeschylus
2405 2274 2631 2333 quoque
2661 2257 2940 2312 Nemeam

1657 2337 1869 2395 dederit
1899 2356 1914 2391 ε
1967 2354 2028 2393 ut
2060 2335 2339 2412 catalogus
2379 2334 2584 2390 indicat
2611 2330 2940 2409 scriptorum

1658 2414 1777 2489 ejus
1812 2411 1959 2492 apud
1978 2417 2352 2487 Anonymum.
2393 2411 2679 2466 Praeterea
2710 2427 2827 2464 non
2847 2404 2939 2463 hic

1661 2488 1841 2549 solum
1876 2489 2063 2555 locus;
2107 2487 2196 2546 sed
2213 2487 2349 2544 alter
2366 2487 2528 2542 etiam
2561 2504 2626 2542 ex
2644 2486 2805 2540 Ennii
2830 2484 2944 2539 Ne-

1665 2585 1784 2626 mea
1813 2568 2007 2624 citatur
2023 2565 2165 2643 apud
2183 2562 2516 2622 Priscianum
2548 2561 2657 2622 ΙΝ.
2674 2562 2806 2616 Puta
2823 2555 2947 2631 iste,

2142 2639 2328 2698 Pecudi
2358 2637 2481 2694 dare
2522 2653 2527 2658 ’

1748 2722 1898 2779 Viam
1929 2724 2136 2778 marito.

1666 2798 1780 2855 Ubi
1810 2808 2058 2855 Nemeam
2085 2797 2327 2856 disertim
2351 2795 2584 2866 habent,
2601 2812 2728 2852 cum
2757 2812 2948 2853 recen-

1666 2892 1751 2932 tes
1790 2874 2065 2933 editiones
2098 2915 2113 2937 ,
2176 2891 2295 2931 tum
2344 2891 2502 2931 vetus
2547 2875 2762 2931 Veneta
2815 2873 2947 2929 anni

1667 2953 1772 3010 cb
1789 2967 1945 3009 cccc
1963 2971 2156 3011 Lxxvx.
2183 2953 2317 3010 item
2337 2951 2457 3010 MS.
2475 2968 2647 3008 meus.
2683 2952 2732 3007 V
2737 2968 2949 3006 ossxus.

1743 3029 1808 3085 P.
1836 3039 1968 3088 206.
2008 3032 2124 3104 {Quo
2152 3047 2286 3085 nunc
2310 3047 2390 3084 me
2411 3039 2652 3084 vortam?
2692 3027 2825 3101 quod
2854 3027 2952 3081 iter

1667 3106 1906 3179 incipiam
1930 3107 2126 3178 ingredi
2142 3108 2204 3181 ἓ]
2261 3104 2491 3161 Nemini
2522 3100 2814 3160 obscurum
2846 3095 2953 3158 ess'e

1669 3181 1881 3260 potest,
1922 3180 2029 3238 dici
2056 3182 2150 3238 ista
2176 3184 2208 3237 a
2227 3179 2438 3238 Medea.
2477 3177 2627 3235 fib&
2646 3177 2811 3233 Ennii
2826 3179 2956 3247 effe,

1669 3264 1728 3315 &
1748 3258 1977 3334 quidem
2001 3276 2069 3314 ex
2084 3256 2274 3315 Medea
2307 3255 2426 3331 ejus
2443 3297 2463 3326 ‚
2482 3252 2815 3320 creduntur3
2857 3251 2955 3311 etfi

1669 3351 1931 3393 neutrum
1960 3332 2447 3412 apudCiceronem
2481 3329 2535 3389 le
2634 3370 2648 3387 .
2687 3331 2956 3388 Vossxus.

1747 3419 2306 3486 Domumpaternamne
2322 3423 2483 3470 ,tanne
2583 3405 2752 3463 Peliae
2754 3405 2891 3479 filias
2907 3412 2959 3484 ἓ]

1670 3491 1734 3548 1..
1750 3495 1974 3545 Domum
1986 3502 2010 3546 2⁹
2015 3487 2304 3562 patriamne
2313 3500 2336 3545 ,ἓ
2350 3485 2766 3543 F.Pelei.Manus
2783 3481 2964 3542 desta·

1749 3566 1813 3622 P.
1830 3583 1964 3633 207.
1997 3572 2075 3621 Tu
2096 3584 2176 3621 me
2185 3564 2372 3621 amoris
2388 3580 2552 3636 mage,
2565 3579 2720 3637 quam
2736 3559 2962 3630 honoris,

1661 3641 1937 3718 servavisti
1965 3640 2149 3715 gratid.
2165 3644 2193 3717 ]
2212 3644 2419 3698 Utrum
2435 3657 2503 3695 ex
2518 3637 2714 3707 Ennii,
2731 3655 2798 3694 an
2818 3637 2957 3693 Attii

1677 3717 1875 3777 Medea
1904 3716 2002 3790 fit,
2039 3718 2165 3794 quis
2191 3715 2368 3775 dicat?
2407 3716 2638 3773 Interim
2674 3714 2831 3772 verba
2860 3710 2964 3770 ess‘e

1679 3793 1891 3873 Jasonis
1908 3794 1978 3851 ad
1999 3794 2243 3854 Medeam
2262 3792 2383 3852 satis
2410 3792 2487 3850 est
2504 3790 2747 3849 evidens.
2790 3790 2963 3848 Voss.

1756 3872 1823 3929 P.
1839 3890 1910 3928 20
1921 3873 1974 3927 8.
2017 3880 2189 3947 Neque
2203 3886 2352 3926 tutem
2380 3885 2608 3945 unquam
2636 3870 2691 3921 in
2712 3869 2963 3939 gremium

1678 3946 1890 4004 extollas
1920 3946 2189 4005 liberorum
2214 3967 2276 4004 ex
2301 3962 2350 4002 te
2371 3948 2568 4021 genus]
2608 3940 2807 3998 Eadem
2850 3939 2967 3997 sen-

1680 4023 1853 4082 tentia
1882 4022 1957 4080 est
1984 4026 2045 4081 in
2072 4024 2342 4101 Euripidis
2378 4020 2596 4079 Medea:
2633 4018 2781 4073 unde
2810 4014 2970 4072 locus

1680 4098 1773 4160 hic
1786 4141 1809 4174 ,
1848 4098 1956 4159 five
1982 4100 2051 4160 ab
2078 4103 2295 4173 Ennio,
2314 4096 2416 4156 five
2432 4096 2498 4155 ab
2513 4094 2626 4154 alio
2642 4135 2663 4168 ,
2679 4090 2971 4171 expressus.

2307 4176 2357 4232 V
2376 4191 2408 4231 v
2779 4169 2978 4247 Quem
