3470 4568
585 248 691 326 26

1195 234 1312 340 Q
1412 234 1800 311 ENNII
1908 222 2798 303 FRAGMENTA·

703 377 930 470 Hoc,
994 365 1131 453 nisi
1151 391 1280 453 tu:
1341 394 1516 451 nam
1558 369 1709 448 mei
1729 356 1973 444 calido
1994 354 2133 439 das
2164 353 2520 469 sanguine
2556 375 2871 466 poenas.

1690 473 1798 529 ὩΕ)

701 547 740 591 *
779 538 924 624 Ast
960 536 1166 635 heio,
1228 561 1460 646 quem
1500 560 1694 616 nunc
1730 555 1818 612 tu
1856 551 2015 611 tam
2054 531 2371 610 torviter
2406 522 2859 636 increpuisti.
2916 531 3198 646 fflffljn'·

1704 639 1815 696 ‘CQQJ

628 808 635 815 ‚
703 709 743 756 *
780 708 1056 816 Quom
1092 710 1348 788 tonuit
1380 702 1684 787 laevum
1719 690 1911 781 bene
1947 689 2397 805 tempestate
2430 689 2709 775 serena.

856 945 955 986 non
984 927 1067 985 illi
1096 930 1366 1007 quisquam
1384 925 1652 1006 sewimpun)
1666 920 1866 997 tultfflt.

669 1007 804 1063 Hoc
835 1025 954 1065 msr
989 1006 1107 1140 wi]
1164 1008 1215 1063 A
1239 1006 1494 1076 fortiori,
1537 1000 1684 1079 quasi
1724 1000 1869 1057 dicat

590 1083 954 1155 Romulus‚fi
983 1100 1051 1143 tu
1099 1099 1239 1142 rater
1271 1102 1387 1141 non
1412 1077 1640 1161 impune
1674 1076 1869 1149 fecisti,

593 1179 764 1219 nemo
792 1161 986 1237 utique
1013 1157 1243 1237 impune
1274 1161 1458 1217 faciet.

666 1238 810 1294 ΝΛΜ
868 1256 939 1293 m
983 1253 1199 1293 cumo
1250 1254 1356 1294 ms
1398 1249 1694 1293 smmum-z
1737 1246 1868 1289 1²01.-

594 1316 743 1387 Nas]
785 1311 1056 1391 Virgilius
1083 1310 1193 1383 l.9.
1225 1331 1294 1370 ex
1324 1313 1538 1382 Ennio,

669 1396 749 1445 Tu
761 1402 931 1445 tamen
941 1393 1131 1445 interea
1143 1388 1304 1446 caltdo
1319 1388 1448 1446 mihi
1447 1388 1693 1465 sanguine
1696 1396 1873 1462 pomae

665 1465 925 1542 Persplves
949 1463 1215 1523 amborum
1231 1507 1252 1537 ,
1290 1467 1461 1543 inquit

671 1544 790 1600 AsT
831 1559 970 1615 ure,
1010 1561 1172 1612 Qum
1217 1543 1418 1621 nunc]
1460 1543 1527 1599 In
1557 1539 1753 1599 Nonio
1785 1538 1877 1596 ha·

591 1618 758 1678 betur
785 1617 876 1678 hic
903 1619 1089 1691 locus,
1108 1622 1298 1676 Ennius
1314 1618 1528 1697 Lupiast.
1568 1621 1730 1694 Qum
1744 1634 1878 1671 nunc

592 1710 654 1752 tu
676 1711 787 1753 tam
818 1700 1033 1753 torviter
1060 1692 1355 1773 increpuisti.
1414 1694 1679 1775 Josephus
1709 1689 1876 1752 Scali-

483 1801 561 1853 70
598 1792 698 1850 ger
725 1771 944 1844 censet,
982 1771 1280 1851 legendum
1297 1771 1434 1844 effe,
1473 1780 1666 1829 Ennius
1690 1768 1818 1827 libre
1834 1776 1877 1825 Ι.

596 1847 696 1919 Ast
718 1847 805 1905 hic
822 1890 843 1918 ‚
901 1868 1050 1930 quem
1084 1867 1218 1923 nunc
1240 1865 1301 1905 tu
1327 1847 1442 1905 nim
1469 1851 1682 1905 torviter
1720 1850 1876 1902 incre·

583 1923 754 2000 puisti.
811 1925 988 2003 Cujus
1020 1924 1392 1983 emendationi
1419 1923 1488 1983 eb
1516 1925 1687 2003 magis
1711 1917 1873 1980 alsen-

595 2004 766 2060 timur
782 2042 803 2072 ‚
842 1998 994 2078 quod
1020 2001 1164 2081 apud
1180 2003 1460 2060 neminem
1484 2000 1752 2059 haetenus
1770 2002 1873 2056 En-

592 2079 828 2136 niumin
841 2080 1089 2156 Lupiasta
1103 2080 1331 2138 citatum
1355 2078 1708 2138 ostendimus.
1750 2079 1873 2135 Nec
1936 2136 1945 2145 ,

591 2156 773 2214 Nonii
802 2156 1165 2214 emendatoris
1206 2155 1500 2234 probamus
1529 2155 1875 2232 opinionem,

595 2232 695 2309 qui
722 2251 826 2310 pro
855 2230 1086 2308 Lupiasta
1111 2232 1469 2293 Pancratiaste
1539 2247 1655 2290 utat
1677 2230 1753 2288 ibi
1771 2228 1875 2289 ess‘e

595 2309 1002 2386 reponendum.
1040 2312 1187 2367 Nam
1219 2329 1336 2369 eam
1362 2310 1492 2368 fabu
1552 2330 1607 2367 m
1635 2328 1752 2365 non
1780 2306 1873 2366 he-

594 2402 845 2444 xametro
877 2387 1118 2445 carmine
1144 2385 1399 2465 scriptam
1423 2386 1579 2445 fuisse
1596 2428 1616 2457 ,
1655 2405 1723 2443 ex
1750 2384 1874 2443 reli·

591 2463 742 2540 quiis
755 2504 777 2534 ‚
815 2457 956 2540 quae'
981 2482 1050 2521 ex
1077 2479 1232 2520 tanto
1255 2464 1542 2542 naufragio
1564 2459 1876 2539 servaripo·

596 2557 786 2598 terunt
813 2581 834 2611 ,
889 2539 1247 2617 conspicuum
1287 2539 1411 2616 est3
1466 2545 1518 2598 &
1561 2537 1878 2615 hujusmodi

593 2617 972 2695 fiagmcntum
1001 2612 1148 2676 clare
1182 2616 1361 2694 liquet
1393 2616 1705 2675 hexametri
1730 2614 1877 2691 pedi·

593 2694 696 2752 bus
729 2693 992 2754 constare.
1062 2693 1175 2752 Cui
1202 2692 1240 2750 fi
1271 2692 1368 2766 Ast
1397 2692 1480 2750 hic·
1508 2691 1779 2772 spondeus
1818 2692 1878 2749 in

595 2772 773 2906 prima
816 2768 939 2830 sede
984 2770 1209 2829 addatur
1232 2813 1253 2841 ,
1306 2771 1523 2849 integer
1575 2768 1892 2828 remanebit?

642 2864 936 2905 exameter.
990 2845 1290 2907 Caeterum
1319 2847 1468 2904 verbi
1497 2845 1662 2922 hujus
1690 2848 1881 2920 increpo

598 2921 923 3001 significatio
950 2944 1065 2981 non
1099 2922 1287 2982 multis
1314 2920 1477 3000 plane
1513 2922 1775 2980 haetenus
1790 2940 1883 2979 ex-

599 3001 834 3058 aminata
863 2998 1043 3056 ansam
1069 2999 1349 3076 praebuit,
1392 3016 1454 3055 ut
1477 2997 1883 3076 aliquantulum

599 3077 634 3136 a
666 3076 928 3153 Scaligeri
969 3076 1210 3134 leffione
1253 3073 1615 3134 defleCierem.
1691 3074 1885 3150 Itaque

600 3155 662 3210 in
696 3154 892 3213 Nonio
925 3151 1227 3231 legendum
1260 3152 1549 3224 existimo,
1589 3154 1784 3208 Ennius
1823 3151 1882 3207 li·

598 3231 684 3287 bro
717 3240 761 3287 1.
803 3230 861 3285 δε
888 3249 1019 3290 mox
1037 3250 1174 3308 pro,
1216 3231 1328 3287 Aa
1351 3227 1470 3300 hic,
1510 3228 1702 3303 Hasta,
1744 3226 1885 3286 ursit

604 3308 827 3382 versus,

675 3387 1004 3459 Hastae,quem
1021 3393 1151 3439 nunc
1166 3398 1224 3439 tu
1238 3398 1348 3441 tam
1362 3384 1576 3439 torviter
1585 3377 1880 3456 increpuisti.

599 3463 671 3518 In
701 3480 816 3538 quo
849 3463 996 3518 idem
1029 3457 1090 3516 fit
1117 3459 1260 3516 hasta
1288 3459 1770 3537 increpare-,quod
1785 3459 1878 3517 Ti·
1939 3515 1950 3522 ,

597 3537 760 3597 bullo
776 3539 820 3599 l.
844 3557 892 3595 1.
908 3536 1067 3614 Eleg.
1088 3554 1138 3594 1.
1177 3537 1459 3614 increpare
1479 3535 1724 3606 stimulo,

578 3663 583 3670 .
672 3621 740 3671 Et
753 3612 964 3689 stImulo
981 3613 1150 3670 tardos
1181 3612 1456 3691 increputffe
1480 3612 1646 3669 boves.

597 3695 749 3751 Nam
778 3690 1050 3749 Romulus
1098 3706 1252 3748 rutro
1280 3732 1301 3761 ‚
1357 3707 1420 3748 ut
1463 3691 1540 3746 ait
1579 3684 1880 3765 Dionysius

583 3761 641 3833 ’,1.
664 3789 715 3828 1.
755 3770 815 3826 in
841 3768 1002 3826 Remi
1042 3785 1204 3845 caput
1242 3765 1486 3839 inflisto,
1525 3785 1655 3823 eum
1696 3766 1878 3823 exani-

598 3845 786 3904 mavit.
826 3845 915 3903 Est
937 3862 1119 3902 autem
1135 3842 1386 3902 hocloco
1403 3846 1681 3920 increpare
1710 3842 1883 3912 idem,

595 3923 749 4000 quod
781 3923 1087 3981 minitando
1113 3939 1434 3998 percutere3
1475 3918 1629 3997 quod
1659 3919 1773 3977 irae
1798 3937 1881 3976 ac·

594 4000 739 4058 cenfi
769 3999 1010 4058 hominis
1039 3999 1335 4091 proprium.
1359 3997 1472 4067 est,
1514 3996 1611 4072 qui
1640 3995 1773 4054 dum
1813 3997 1870 4053 in
1917 4046 1928 4055 .

572 4057 833 4156 'aliquem
866 4077 1114 4138 furenter
1143 4075 1339 4149 irruit,
1359 4075 1470 4134 una
1496 4090 1690 4135 manus
1706 4093 1873 4148 ,con-

2938 704 3050 755 Cic.
3068 705 3104 755 l.
3116 721 3154 756 r.
3171 703 3231 756 de

2937 769 3109 819 Divin.

1947 916 2187 978 tumeliis
2203 918 2612 995 ,conviciisque
2626 915 2821 977 additis
2839 960 2859 990 ,
2875 915 3090 996 injicit.'
3121 915 3228 976 Sed

1948 996 2007 1054 id
2031 994 2394 1065 κατιὶμείωτιν
2412 995 2619 1054 dietum
2643 996 2755 1067 est,
2794 994 2931 1055 ficut
2959 992 3109 1053 illud
3123 998 3235 1052 Ma·

1950 1075 2136 1145 ronis,
2177 1071 2478 1148 pulsatusve
2503 1087 2683 1149 parens
2722 1092 2824 1150 pro
2852 1071 3060 1132 occiso,
3140 1072 3235 1128 Vi·

1952 1150 2154 1207 dentur
2183 1166 2368 1207 autem
2392 1149 2525 1209 haec
2558 1147 2594 1210 ὲ
2620 1153 2918 1209 Laurentia
2941 1149 3236 1207 amborum

1953 1227 2144 1284 altrice
2175 1222 2443 1305 expreffa,
2484 1246 2626 1305 quae
2651 1244 2714 1285 ut
2747 1245 2920 1287 mater
2950 1236 3243 1304 ‚utrunque

1957 1303 2258 1383 diligebat,
2283 1304 2594 1362 Romulum
2630 1303 2916 1377 incusam,
2957 1303 3119 1383 quod
3149 1303 3242 1362 ob·

1957 1379 2228 1461 jurgando
2260 1380 2413 1437 fratri
2448 1401 2646 1440 necem
2675 1381 2959 1441 intuliss‘et.

2032 1457 2387 1534 Tonvrrna]
2430 1459 2683 1536 Antiquo
2711 1478 2867 1519 more
2895 1479 2997 1537 pro
3040 1456 3202 1519 torve
3217 1503 3238 1535 ‚

1958 1549 2019 1590 ut
2057 1534 2202 1613 apud
2243 1533 2503 1593 Plautum
2548 1534 2808 1614 ampliter
2832 1578 2853 1609 ,
2907 1539 3241 1596 Terentium

1958 1608 2202 1683 duriter,
2251 1612 2569 1669 Lucretium
2609 1612 2887 1691 longiter,
2942 1613 3239 1691 Catullum

1957 1689 2165 1765 puriter
2182 1730 2202 1759 ,
2241 1688 2596 1746 Tuberonem
2625 1690 2924 1748 inimiciter
2954 1711 3060 1768 pro
3075 1734 3097 1763 ,
3127 1710 3240 1750 am·

1958 1762 2092 1842 ple,
2130 1760 2299 1835 dure,
2337 1763 2507 1844 longe
2526 1808 2548 1838 ‚
2618 1763 2754 1838 ure,
2793 1766 3044 1828 inimice.
3123 1770 3237 1827 Sta-

1959 1839 2114 1899 tilius
2157 1843 2432 1900 Maximus
2472 1843 2533 1899 in
2575 1785 2721 1902 libro
2765 1842 2834 1903 de
2874 1842 3238 1924 singularibus

1955 1918 2101 1996 apud
2131 1919 2464 1977 Ciceronem
2492 1918 2675 1997 positis
2702 1920 3016 1994 adnotavit,
3067 1923 3134 1983 ab
3160 1942 3231 1981 eo

1955 2013 2199 2052 rarenter
2221 1996 2324 2074 pro
2353 1993 2469 2054 rare
2496 1992 2704 2059 distum
2731 1995 2853 2056 effe.

2036 2074 2227 2147 Quom
2275 2085 2502 2131 ‘tonum‘
2559 2092 2794 2133 Laevum
2822 2076 2846 2153 ]
2907 2074 3238 2150 Romulus,

1957 2166 2181 2207 mortuo
2235 2148 2387 2206 fratri
2443 2150 2632 2209 solutis
2683 2151 2876 2227 justis,
2935 2152 3241 2230 populique

1956 2224 2220 2284 consensu
2247 2224 2456 2284 firmata
2494 2227 2711 2321 imperii
2738 2227 2894 2299 sede,
2946 2228 3140 2289 noluit
3170 2229 3240 2299 ‚ad

1956 2305 2140 2395 regiae
2164 2304 2443 2386 dignitatis
2468 2303 2744 2384 fastigium
2786 2304 2986 2374 evehi,
3041 2306 3146 2365 nifi
3184 2307 3238 2367 id

1958 2400 2105 2457 prius
2133 2383 2233 2438 Dii
2259 2381 2481 2452 omine,
2516 2383 2860 2460 augurioque
2897 2383 3244 2462 comprobas-

1955 2457 2095 2515 sent.
2158 2457 2272 2515 Ubi
2305 2459 2478 2550 igitur
2501 2458 2693 2518 illuxit
2725 2457 2839 2519 dies
2849 2503 2872 2533 ,
2913 2479 3023 2537 qua
3057 2459 3129 2520 de
3158 2481 3239 2520 re·

1958 2553 2073 2669 fino
2102 2535 2239 2611 quid
2264 2535 2388 2593 Dus
2413 2534 2675 2614 placitum
2708 2535 2866 2608 esset,
2905 2536 3239 2610 observaret,

1943 2671 1952 2677 ,
2005 2630 2100 2669 ans
2147 2610 2244 2669 sub
2290 2609 2383 2669 dio
2412 2654 2432 2682 ,
2489 2616 2543 2670 &
2570 2613 2629 2671 in
2656 2613 2787 2672 loco
2821 2634 2960 2691 puro
3002 2615 3239 2675 mundo-

1960 2707 2070 2766 que
2090 2730 2108 2758 ,
2134 2688 2370 2746 vistimis
2402 2687 2507 2748 rite
2538 2689 2777 2748 maEtatis
2792 2694 3028 2770 ,Jovem
3055 2711 3238 2772 preca-

1960 2782 2046 2823 tus
2069 2765 2181 2837 est,
2215 2783 2568 2843 caeterosque
2598 2765 2857 2846 superos,
2909 2787 3054 2845 quos
3083 2769 3238 2827 colo·

1959 2845 2083 2900 niae
2125 2839 2387 2920 praesides
2435 2844 2817 2913 constituerat3
2862 2862 2962 2916 ut,
2998 2842 3036 2902 fi
3067 2846 3238 2905 Urbis

1961 2936 2138 2977 novae
2175 2919 2191 2974 i
2234 2917 2416 2977 sorum
2454 2918 2719 2979 consensu
2759 2922 2995 3000 imperio
3026 2925 3240 2999 potitus

1964 2993 2125 3067 effer,
2217 3015 2246 3052 e
2271 2995 2426 3053 caelo
2451 2995 2664 3075 fignum
2693 2997 2922 3075 aliquod
2953 2997 3091 3056 felix
3118 3000 3240 3059 ede·

1960 3090 2105 3132 rent.
2186 3072 2412 3144 Quibus
2456 3075 2720 3151 peraffls,
2762 3073 2948 3154 fulgur
2976 3074 3009 3133 a
3037 3074 3241 3135 sinistra

1963 3149 2028 3208 ad
2054 3149 2299 3207 dextram
2315 3150 2563 3208 emicuit.
2603 3153 2671 3208 Et
2701 3149 2839 3209 hanc
2866 3152 3137 3212 nimirum
3153 3172 3242 3212 ve·

1965 3244 2081 3283 ram
2111 3225 2274 3301 hujus
2303 3230 2561 3286 carminis
2601 3228 2960 3296 sententiam,
3015 3248 3243 3287 certam-

1966 3322 2076 3379 que
2103 3301 2283 3360 sedem
2308 3305 2651 3363 arbitramur.
2691 3306 2836 3363 Hinc
2864 3304 3072 3385 prodiit
3103 3305 3246 3365 illud

1968 3379 2216 3439 Maronis
2246 3378 2513 3439 Lz-Aen.

2220 3473 2411 3510 —'
2432 3458 2684 3536 subitoque
2699 3458 2899 3537 fragore

2039 3537 2265 3590 Intonuit
2293 3534 2505 3593 laevum

1959 3612 2029 3669 Et
2058 3609 2098 3666 l.
2117 3631 2172 3678 9.

1960 3687 2185 3756 Audiit,
2225 3685 2307 3753 Εἴ
2340 3688 2458 3746 coeli
2476 3691 2674 3764 genitor
2701 3689 2761 3748 de
2779 3705 2927 3768 parte
2942 3690 3128 3765 serena

2040 3766 2266 3820 Intonuit
2293 3764 2499 3824 laevum
2538 3800 2710 3822 —-

1964 3838 2139 3900 ovid.
2157 3838 2198 3895 l.
2216 3861 2269 3911 4.
2285 3842 2419 3900 Fast.

2042 3918 2474 4064 'ussmfflss
2489 3922 2884 4068 2232‘522323142
2898 3943 3062 4077 ‚ss'ff
3090 3921 3236 4057 ’ἴω

1955 4069 2042 4134 Ad
2074 4007 2303 4130 εαηέζιῃ
2335 4039 2560 4151 quoque
2586 4071 2820 4134 sinistrae
2859 4080 3026 4156 partis
3053 4013 3240 4212 Ῑὲἒςὶυ

3113 4171 3239 4213 itio·

3183 3887 3344 3944 ‚71
