3470 4568
686 228 1316 304 thno'NYMo
1370 224 1873 303 COLUMNA
1924 222 2424 303 AtTcronn.
2771 208 2894 331 ‘13

232 374 351 436 bns
384 369 661 452 prudens
690 369 1128 453 Modiperator
1156 417 1177 451 ‚
1235 382 1306 433 ut
1340 369 1752 435 convivarum
1780 367 2056 447 palatum
2089 369 2308 435 excitet
2339 419 2358 452 ‚
2400 370 2722 453 dulcibus,
2766 374 2901 438 lau·

229 455 439 536 tisque
471 453 730 533 dapibus
762 473 1050 535 acorem,
1092 451 1152 515 &
1180 454 1586 531 omphacium
1621 448 1857 514 miscet.
1922 449 2298 533 Cujusmodi
2334 453 2416 516 est
2451 454 2900 537 ἀμφιβολσγίας

230 556 367 618 qua
395 555 527 599 non
555 536 678 600 fine
710 535 959 602 summa
986 552 1112 603 arte
1138 535 1281 598 usus
1313 533 1432 615 est,
1474 532 1626 598 cum
1642 533 2005 625 Apollinem
2034 533 2265 629 Pyrrho
2298 537 2776 618 respondentem
2803 538 2895 604 fa-

231 620 332 683 cit
375 618 602 683 Annal.
645 638 701 699 5.
788 620 897 701 Ajo
929 634 1023 700 te,
1064 616 1354 695 Aeacida,
1398 617 1683 681 Romanos
1712 637 1943 680 vmcere
1967 631 2012 702 p
2085 640 2133 681 e.

230 697 405 765 Utri
428 702 601 765 enim
631 700 987 767 Oraculum
1016 701 1335 782 promittat
1365 698 1692 765 vietoriam
1725 746 1746 779 ,
1790 718 1861 765 ex
1900 701 2018 766 stru
2085 720 2226 766 urae
2256 703 2408 766 vitio
2442 703 2751 768 incertum
2789 703 2890 770 est.
2930 706 2972 771 9

237 781 551 850 Oneravit
580 786 959 866 quandoque
985 803 1092 865 per
1123 781 1492 862 πλεονασμὸν
1523 784 1914 865 supervacuis
1943 786 2141 848 verbis
2173 787 2545 851 orationem.
2581 784 2810 853 Annal.
2833 805 2891 872 3.

656 866 842 931 Vento
858 916 877 949 ‚
917 888 1087 953 quem
1120 864 1417 952 perhibent
1445 864 1697 949 Grajum
1764 884 1903 927 enus
1927 873 2064 927 aera
2079 916 2099 948 ‚
2142 866 2224 928 lin
2260 889 2356 930 ua.

223 947 391 1014 Item
409 998 428 1031 ‚
468 947 685 1011 blanda
714 971 849 1012 voce
879 948 1153 1028 vocabat3
1195 950 1472 1035 quianam
1502 969 1522 1026 ;
1561 947 1691 1017 inde
1713 885 1884 1039 facet}
1923 941 2149 1010 Tiberis
2221 970 2427 1029 umen3
2468 950 2674 1027 Africa
2703 967 2887 1031 terra;

226 1030 495 1094 antehac.
557 1032 884 1104 Interdum
909 1051 1013 1113 per
1044 1035 1390 1100 ταπείνωσιν
1422 1050 1555 1096 non
1584 1031 1918 1112 explicavit
1963 1048 2103 1095 eam
2140 1076 2161 1113 ‚
2219 1050 2411 1112 quam
2445 1033 2772 1101 denotabat
2803 1036 2890 1099 rei

224 1115 757 1201 magnitudinem.
799 1113 1030 1179 Annal.
1068 1114 1125 1179 8.

646 1196 735 1259 Et
762 1196 1072 1260 detotondit
1100 1218 1263 1283 agros
1283 1197 1459 1262 laetos
1472 1246 1489 1278 ‚
1530 1211 1705 1284 atque
1733 1195 1934 1284 oppida
1963 1196 2162 1282 caepit.
2195 1260 2198 1265 ,

220 1276 306 1345 Et
340 1281 487 1346 ibid.
664 1278 769 1342 Ad
790 1279 1013 1342 caelum
1041 1279 1251 1343 clamor
1282 1279 1587 1344 ‘volvenda'
1612 1295 1720 1364 per
1746 1278 1978 1343 aethera
2008 1281 2190 1365 vagit.

226 1359 421 1427 Usus
448 1363 529 1427 est
558 1364 763 1429 etiam
788 1362 1112 1443 παλιλογίᾳ
1141 1362 1373 1435 Annal.
1411 1384 1462 1427 1.
1562 1361 1874 1435 Curanteis
1906 1383 2117 1447 magna
2144 1384 2275 1428 cam
2299 1383 2474 1446 cura,

230 1439 330 1507 'Et
360 1447 426 1508 in
468 1443 641 1510 Med.
748 1481 832 1496 «κ-
871 1468 1017 1533 qnae
1045 1468 1198 1508 nunc
1221 1448 1551 1509 nominatur
1579 1447 1806 1507 nomine
1834 1444 2006 1531 Argo.
2275 1496 2284 1499 „

244 1524 415 1609 Quin
444 1526 501 1589 ἀ
527 1525 798 1602 ἔκλειψιν
835 1530 1107 1594 adhibuit
1142 1530 1204 1594 in
1234 1531 1346 1593 illo
1377 1530 1556 1593 versu
1588 1528 1822 1593 Annal.
1863 1549 1918 1607 5.
2859 1536 2877 1565 ¹

636 1607 898 1674 Nomine
929 1609 1205 1674 Purrbus
1221 1658 1240 1690 ‚
1283 1612 1374 1673 uti
1402 1626 1754 1691 memorant,
1796 1610 1835 1671 a
1851 1609 2033 1695 stirpe
2050 1611 2336 1695 supremo.

226 1691 362 1775 Qui
405 1693 585 1757 enim·
632 1693 695 1758 id
738 1709 1094 1759 memorent
1126 1694 1190 1758 in
1228 1695 1500 1779 legitima
1529 1692 1742 1757 sensus
1789 1691 2243 1756 construetione
2293 1693 2518 1757 deficit.
2594 1689 2878 1775 Usurpa·

218 1775 312 1845 vit
355 1776 740 1857 quandoque
771 1796 878 1857 per
928 1778 1313 1858 ἀκυρολογὰιν
1352 1776 1711 1857 improprias
1743 1773 2044 1839 dietiones
2077 1824 2096 1855 ,
2158 1790 2226 1839 ut
2262 1776 2526 1842 trasnare
2560 1793 2672 1856 pro
2706 1781 2884 1843 vola·

220 1878 288 1923 re
320 1858 535 1923 Anna!
548 1906 563 1920 .
601 1879 656 1921 1.
740 1851 1091 1939 Transnavit
1123 1867 1242 1922 cita
1266 1873 1374 1943 per
1402 1874 1626 1921 teneras
1653 1854 1911 1942 caliginis
1942 1878 2134 1921 auras.

220 1937 378 2006 Nec
408 1940 768 2014 κακὲφιιτον
796 1939 1105 2017 intaetum
1136 1942 1399 2023 reliquit.
1441 1939 1632 2025 Trag.
1668 1938 1857 2013 incer,
1942 1973 2027 1987 -·-
2065 1939 2228 2002 nulla
2262 1941 2340 2021 est
2364 1942 2428 2002 in
2458 1963 2549 2002 me
2582 1957 2804 2024 metas,

219 2023 485 2089 Annai-
506 2040 566 2102 7.
597 2020 656 2085 ἃ
690 2044 743 2087 1.
775 2022 1308 2122 priuscyuamfhm,
1351 2023 1433 2105 &‚
1465 2025 1527 2085 in
1555 2020 1744 2100 insi-ra
1769 2021 1981 2085 nodis..
2048 2021 2359 2088 Praeterea
2394 2039 2525 2090 tota
2553 2024 2717 2089 illius
2752 2045 2882 2092 car-

224 2105 430 2170 minis
469 2103 751 2171 struEiura
773 2107 1092 2172 incondita
1118 2107 1236 2188 est,
1277 2107 1729 2185 insuaviterquc
1763 2104 1975 2182 sonat,

658 2186 706 2249 0
738 2179 866 2253 Tite
897 2204 1024 2251 tute
1052 2180 1196 2252 Tati
1211 2237 1229 2269 ,
1270 2189 1378 2250 tibi
1406 2204 1573 2252 tanta
1598 2201 1838 2271 tyranne
1868 2186 2069 2268 tulisti.

188 2278 193 2286 ‘
227 2266 723 2353 Nonnunquam
754 2292 861 2355 per
887 2270 1217 2354 ὑπέρβατον
1243 2320 1265 2352 ‚
1322 2273 1439 2335 sive
1474 2266 1822 2352 ἀναςροφὴν
1870 2270 2387 2351 praepositionum
2427 2272 2715 2340 ordinem
2744 2292 2877 2355 ρετ·

218 2355 427 2419 vertit.
472 2354 703 2421 Annal.
740 2374 795 2435 7.
882 2355 1005 2443 Qui
1031 2377 1161 2418 cum
1185 2352 1374 2417 multa
1402 2354 1571 2440 volup
1588 2400 1606 2432 ,
1649 2375 1718 2414 ac
1732 2352 1958 2438 gaudia
1989 2353 2244 2440 clamque
2260 2353 2589 2441 palamque.

218 2433 304 2518 Et
346 2436 582 2501 Annal.
618 2458 674 2501 2.
811 2437 1040 2501 Annuit
1048 2439 1167 2519 sest*
1198 2459 1419 2501 mecum
1447 2437 1740 2500 decernere
1758 2435 1943 2515 ferra.

219 2515 381 2584 Item
415 2521 481 2584 in
513 2513 887 2605 Phagctica',
948 2520 1170 2584 Cumas
1201 2519 1360 2606 apud
1369 2542 1389 2599 ;

221 2601 284 2665 &
314 2602 549 2667 Annal.
579 2623 604 2665 1
617 2622 674 2665 2.
807 2599 965 2666 Olim
996 2602 1299 2666 cernebant
1331 2601 1582 2687 magnetis
1616 2601 1684 2663 de
1715 2602 1883 2666 rebus
1905 2603 2156 2685 agendis.

220 2681 502 2751 Variavit
541 2683 828 2766 persaepe
866 2687 1214 2758 orationem
1244 2706 1347 2767 pes
1377 2684 1717 2765 ἐναλλαγὴν
1745 2688 1978 2769 generis
2017 2685 2373 2749 nominum.
2417 2685 2517 2748 lib.
2549 2687 2734 2748 incer.

629 2765 727 2828 Ni
756 2783 946 2830 metus
978 2768 1100 2832 ulla
1129 2785 1318 2848 tenet,
1361 2768 1471 2830 rit&
1503 2767 1568 2828 in
1596 2767 1821 2830 virtute
1854 2766 2156 2853 quiescant.

224 2846 315 2912 Et
346 2843 530 2928 Trag.
568 2852 759 2914 incer.
847 2849 1057 2913 Vivam
1074 2900 1092 2934 ,
1135 2875 1213 2914 an
1238 2849 1503 2932 moriar,
1527 2848 1690 2912 nulla
1719 2849 1798 2929 est
1829 2848 1892 2910 in
1921 2870 2012 2909 me
2042 2862 2228 2911 metus
2246 2892 2265 2926 ,

225 2930 387 2997 Item
403 2980 421 3011 ,
461 2933 499 2992 a
507 2932 701 3018 stirpe
717 2935 985 3079 fiffremo
1015 2981 1035 3014 ‚
1092 2932 1251 3019 lupu'
1268 2935 1451 3014 foeta.
1466 2981 1484 3014 ,
1542 2930 1700 3017 Iupu’
1724 2931 1959 3009 femina
1988 2979 2006 3012 ‚
2068 2944 2393 2994 caementae
2423 2930 2682 2995 cadant.-

220 3012 590 3096 ffliquando
624 3034 730 3097 per
817 3021 1095 3098 nallagen
1173 3017 1366 3081 eneris
1400 3013 1851 3095 pronominum
1883 3063 1903 3095 ,
1947 3030 2015 3078 ut
2051 3016 2113 3078 in
2146 3018 2333 3080 altera
2364 3012 2632 3096 Medea,

634 3096 784 3187 Quis
814 3119 871 3159 es
906 3113 974 3159 tu
1006 3120 1107 3161 mn
1131 3121 1215 3180 ser
1232 3146 1251 3180 ,
1296 3119 1444 3185 quae
1475 3120 1568 3159 me
1596 3098 1808 3177 insueto
1840 3098 2174 3183 nuncupasti
2201 3097 2466 3162 nomine?
2541 3169 2544 3174 .

217 3180 334 3246 Per
406 3200 590 3244 encra
620 3182 956 3245 verborum
985 3229 1006 3262 ‚
1061 3195 1133 3242 ut
1160 3197 1378 3266 aucupa
1411 3229 1430 3261 ,
1469 3180 1648 3272 sortia
1679 3226 1697 3259 ,
1738 3178 1999 3266 depopulo
2034 3227 2055 3262 ‚
2108 3178 2338 3264 eloquo,
2380 3178 2566 3262 lullo,
2613 3179 2866 3268 enseque,¹
2912 3214 2990 3261 10

287 3200 429 3325 aeffo
447 3310 467 3343 ,
492 3261 715 3323 ,canelo
732 3311 750 3343 ,
796 3285 961 3344 cono,
1001 3263 1248 3348 regredio
1264 3312 1284 3344 ,
1319 3276 1508 3346 partto
1527 3311 1547 3343 ,
1590 3284 1762 3323 moro.

275 3366 337 3410 et
367 3363 688 3427 tempora,
730 3343 961 3409 Annal.
1003 3365 1057 3408 1.
1128 3343 1491 3430 Exspedi'ant
1522 3343 1744 3406 velutei
1771 3342 2000 3426 Coanl,
2041 3343 2209 3432 quim
2237 3341 2468 3407 mittere
2473 3341 2710 3427 fignum

795 3426 920 3490 Vola
959 3461 1041 3486 -η-
1084 3448 1197 3510 pro
1224 3425 1641 3513 expec‘l'abant3

217 3510 278 3573 ἂ
310 3511 454 3575 ibid.
665 3506 781 3572 Ilia
806 3505 907 3572 dia
935 3527 1133 3595 nepos,
1152 3567 1155 3574 .
1174 3532 1317 3596 quas
1357 3531 1625 3571 erumnas
1655 3506 1899 3590 tetulg'sti
1915 3507 1938 3569 ζ

218 3589 357 3656 Ubi
409 3591 807 3673 praeteritum
860 3612 975 3676 pro
1022 3592 1239 3657 futuro
1285 3593 1555 3674 potitum
1599 3591 1700 3654 est.
1779 3592 1895 3656 Per
1940 3594 2358 3658 mutationem
2406 3592 2872 3680 conjugationis

220 3677 459 3739 Annal.
495 3672 554 3737 8.
643 3673 888 3736 Certare
916 3675 1130 3738 abnaeo
1149 3724 1168 3756 ,
1210 3691 1394 3737 metuo
1428 3673 1725 3758 legionibu’
1768 3674 1986 3754 labem,
2030 3695 2142 3757 pro
2172 3675 2389 3754 abnu03

219 3757 457 3824 &alibi
473 3755 633 3838 fimit
708 3777 780 3821 ro
795 3760 982 3839 fimat.
1044 3757 1158 3821 Pet·
1191 3776 1486 3822 numeros
1518 3755 1747 3822 Annal.
1785 3777 1841 3841 3.

636 3775 820 3905 βαΐα
837 3843 867 3920 ,“
898 3862 1067 3926 quem
1138 3837 1392 3901 erhibent
1428 3838 1679 3920 Grajum
1692 3860 1882 3924 genus
1907 3846 2045 3902 affra
2075 3839 2290 3925 lingua.

217 3916 306 3985 Et
335 3921 440 3986 lib.
474 3922 687 3988 incen-
746 3956 828 3970 -—·
859 3936 1003 4006 pars
1143 3919 1586 4004 udicrejallant
1601 3922 1763 4002 saxa
1792 3921 1945 3985 inter
1962 3925 2031 4005 fir
2062 3921 2388 3986 licitanteis.
2413 3973 2418 3978 .

213 4001 395 4070 Item
437 4001 803 4084 Annal.÷15‚
1309 4045 1315 4054 ·
1835 4009 1836 4016 ’

544 4089 555 4096 “
588 4079 625 4100 “
640 4073 991 4150 Caeruleum
1005 4088 1244 4174 spumat
1260 4086 1385 4173 fide
1416 4087 1669 4169 conferta
1700 4103 1829 4153 rate
1830 4087 2082 4237 kfalsam
2111 4137 2132 4173 ,
2175 4109 2288 4172 pro
2322 4083 2588 4166 confertis
2622 4085 2866 4232 ratiblgts.

1674 4183 1680 4190 ”
1919 4189 1953 4256 3
2125 4251 2132 4259 .
2804 4186 2888 4231 ‘²¹²
