3470 4568
1151 298 1374 371 Austor
1397 299 1484 362 ad
1486 320 1493 326 ·
1504 298 1866 365 Herennium
1894 300 1998 366 lib.·
2010 320 2070 384 4.

375 390 639 459 Etenim
669 384 823 452 cum
848 380 1143 467 poffimus
1188 385 1262 448 ab
1292 380 1501 449 Ennio
1535 386 1892 467 sumptum,
1950 401 2057 451 aut
2090 381 2122 448 ὲ
2159 382 2446 451 Graccho
2477 398 2710 470 ponere
2741 378 2950 452 exem-

303 482 515 561 plum,
556 474 807 537 videtur
837 467 952 532 effe
983 466 1328 550 arrogantia
1333 467 1465 609 liga
1491 469 1643 532 relin
1688 488 1886 612 ἔκτεά
1911 466 1972 531 &
2005 468 2082 533 ad
2107 468 2219 538 sua
2247 470 2553 536 devenire.

1432 571 1493 610 m
1569 573 1646 612 au
1791 573 1821 611 0
1887 596 1903 612 ο

312 672 313 675 “
389 641 480 706 Ita
505 655 576 703 ut
607 637 648 701 fi
679 636 758 701 de
770 630 1136 719 Tragoediis
1153 626 1340 694 Ennii
1356 631 1507 696 velis
1553 565 2246 719 ententlfaseligereffut
2271 634 2348 699 de
2365 633 2724 700 Pacuvianis
2755 633 2946 699 'crioa
3049 668 3056 673 -

307 726 421 789 dos
442 742 459 789 ε
500 721 604 786 sed
621 719 765 801 quia
782 720 960 797 plane
979 714 1145 779 rudis
1163 714 1223 777 id
1242 714 1440 777 facere
1456 734 1650 779 nemo
1669 717 1892 796 poterit
1907 763 1927 797 ,
1944 715 2094 781 cum
2109 717 2322 781 feceris
2339 765 2358 798 ‚
2375 735 2434 782 te
2452 719 2691 784 litterati
2744 737 2945 781 imum

301 823 513 889 putes,
552 805 797 885 ineptus
827 799 896 862 fis
914 794 1264 879 ,propterea
1282 795 1533 876 quodid
1549 797 1731 862 facile
1758 798 1939 862 faciat
1970 802 2170 881 quivis
2197 800 2593 867 mediocriter
2625 802 2945 866 litteratus.

1326 876 1612 941 Horatius
1642 877 1902 941 Poe'tica.

1032 994 1097 1013 ·-
1116 995 1188 1010 ·-
1229 977 1346 1057 ego
1379 978 1490 1024 cur
1523 963 1839 1043 acquirere
1871 980 2068 1041 pauca
2595 1022 2598 1025 ,

784 1043 851 1111 Si
884 1040 1127 1125 poffum
1157 1043 1475 1107 invideor?
1526 1041 1675 1107 cum
1710 1044 1922 1129 lingua
1951 1044 2247 1128 Catonia,
2293 1046 2353 1112 ἀ
2383 1045 2548 1113 Enni

784 1126 1160 1191 Sermonem
1186 1125 1453 1206 patrium
1480 1125 1796 1206 ditaverit;
1836 1124 1897 1189 &
1927 1146 2099 1195 nova
2126 1148 2337 1197 rerum

783 1207 1079 1274 NomIna
1112 1205 1478 1288 protulerit?

534 1294 703 1360 Idem
744 1290 981 1354 ibidem.
1705 1323 1858 1339 ---·
1899 1291 1958 1355 &
1995 1290 2160 1359 Enni

792 1372 868 1437 ln
896 1371 1141 1436 scenam
1166 1367 1638 1457 miffosmagno
1668 1390 1819 1438 cum
1851 1377 2122 1455 pondere
2154 1378 2400 1461 versus,

789 1455 927 1520 Aut
953 1473 1172 1535 operae
1198 1453 1411 1518 celeris
1445 1455 1711 1518 nimium
1728 1502 1748 1535 ‚
1789 1475 2058 1538 curaque
2086 1462 2343 1525 carentis
2360 1507 2382 1541 ,

792 1535 927 1600 Aut
958 1538 1272 1622 ignoratae
1306 1537 1527 1616 premit
1555 1537 1696 1601 artis
1733 1538 1990 1602 crimine
2020 1541 2200 1621 turpi.

1144 1616 1389 1680 Ovidius
1423 1617 1520 1680 lib.
1544 1636 1599 1680 1.
1618 1617 1819 1679 Amor.
1851 1620 1933 1682 ele
1975 1668 1988 1682 .
2019 1640 2117 1702 15.

788 1697 1028 1765 Ennius
1060 1714 1187 1764 arte
1214 1718 1462 1782 earenS,
1498 1700 1877 1781 animosique
1973 1704 2115 1767 ttius
2151 1703 2314 1787 oris,

876 1780 1187 1846 Casurum
1216 1785 1396 1846 nullo
1426 1796 1704 1861 tempore
1733 1801 1973 1848 nomen
2003 1786 2198 1851 habet.

1337 1861 1500 1924 Idem
1529 1862 1626 1925 lib.
1646 1883 1703 1928 2.
1721 1854 1899 1944 Trist.

793 1944 897 2012 Ut
942 1964 1021 2009 ue
1051 1945 1166 2010 suo
1201 1943 1480 2012 Martem
1514 1946 1739 2010 cecinit
1768 1944 1967 2026 gravis
2001 1943 2240 2011 Ennius
2277 1965 2420 2030 ore,

938 2027 1119 2092 nnius
1151 2028 1400 2113 ingenio
1434 2027 1769 2107 maximuS‚
1812 2043 1938 2092 arte
1966 2028 2148 2093 rudis.

1410 2107 1570 2169 Idem
1613 2109 1820 2170 ibidem
1838 2157 1858 2189 ,
1997 2151 2009 2160 -

791 2191 1134 2273 Sumpserit
1164 2188 1472 2271 Annales,
1514 2191 1661 2255 nihil
1689 2192 1771 2256 est
1796 2190 2080 2255 hirsutius
2110 2193 2266 2275 illis,

883 2275 937 2341 F
940 2271 1072 2340 aeia
1098 2273 1165 2339 fit
1199 2273 1363 2338 unde
1393 2293 1604 2355 parens
1638 2272 1777 2355 Ilia,
1826 2271 2050 2355 nempe
2079 2278 2258 2365 leget.

1243 2353 1583 2442 Propertius
1609 2353 1706 2419 lib.
1728 2375 1785 2440 3.
1824 2356 1960 2441 eleg.
1981 2376 2039 2420 2.

708 2475 714 2480 ·
796 2441 1114 2521 Parvaque
1148 2452 1278 2502 tam
1310 2440 1548 2525 maguis
1582 2439 1907 2504 admoram
1938 2439 2214 2505 fontibus
2241 2456 2386 2521 ora,

870 2519 957 2586 1]
965 2523 1084 2585 nde
1114 2534 1280 2599 pater
1308 2519 1506 2585 fitiens
1536 2517 1775 2586 Ennius
1811 2535 1952 2585 ante
1984 2522 2167 2587 bibit:

801 2602 886 2669 Et
917 2602 1139 2666 cecinit
1163 2600 1392 2666 Curios
1420 2604 1631 2669 statrcs
1648 2650 1668 2682 ‚
1708 2603 1767 2666 δι
1795 2602 2053 2668 Horatia
2085 2603 2206 2683 pila
2223 2649 2244 2681 ‚

884 2683 1199 2784 Regiaque
1231 2680 1504 2750 Aemilia
1534 2682 1696 2750 vieta
1729 2687 2017 2765 trophaea
2049 2698 2212 2749 rate:

805 2765 1231 2847 vielrrcesque
1264 2785 1469 2848 moras
1503 2765 1710 2847 Fabii,
1756 2783 2151 2851 pugnamque
2186 2760 2474 2826 finistram

862 2847 1255 2914 Cannensem
1276 2887 1296 2919 ‚
1338 2845 1399 2910 ἀ
1433 2848 1641 2913 versos
1674 2848 1751 2912 ad
1783 2849 1881 2929 pia
1907 2863 2057 2912 vota
2087 2845 2298 2916 Deos:

806 2929 1342 3013 Hannibalemque
1376 2927 1854 2995 lard's'Romana
1886 2929 2026 2994 sede
2055 2928 2376 3013 fugantes,

892 3011 1143 3078 Anseris
1175 3011 1236 3076 ἀ
1268 3025 1478 3076 tutum
1516 3030 1674 3076 voce
1701 3011 1876 3078 Fuisse
1899 3011 2149 3092 Jovem.

1293 3091 1455 3156 Idem
1481 3091 1622 3156 libro
1650 3114 1711 3178 4.
1745 3093 1881 3179 eleg.
1914 3113 1969 3156 1.
2131 3163 2140 3180 ι

812 3172 1053 3240 Ennius
1085 3175 1310 3240 hirsuta
1332 3177 1533 3260 cingat
1562 3176 1672 3240 sua
1701 3174 1864 3241 dicta
1888 3193 2141 3239 corona.

566 3253 880 3320 AEIianus
905 3257 1065 3346 apud
1087 3256 1346 3320 Suidam.
1587 3307 1590 3311 n
1703 3253 1926 3323 Ε”ννιον
1958 3258 2215 3323 ἐπαινεῖν
2245 3246 2424 3333 ἄξιον.

1199 3338 1627 3429 Quindilianus
1656 3336 1754 3401 lib.
1781 3358 1877 3404 10.
1893 3355 2015 3424 cap.
2035 3360 2062 3404 1
2076 3387 2090 3402 .

407 3415 689 3485 Ennium
722 3422 872 3486 ficut
903 3421 1105 3487 sacros
1121 3422 1413 3488 vetustate
1444 3427 1620 3487 lucos
1653 3423 1984 3488 adoremus
2006 3470 2026 3502 ,
2062 3422 2128 3485 in
2155 3420 2377 3501 quibus
2403 3415 2684 3503 grandia,
2725 3413 2783 3478 &
2806 3415 2960 3481 anti·

320 3519 455 3584 qua
478 3505 708 3569 robora
727 3505 865 3586 jam
895 3524 1027 3570 non
1057 3520 1289 3570 tantam
1318 3506 1539 3569 habent
1565 3503 1868 3585 speciem,
1909 3520 2209 3585 quantam
2235 3500 2617 3587 religionem.

1151 3585 1491 3650 Macrobius
1522 3584 1618 3647 lib.
1643 3606 1667 3650 1
1684 3586 1906 3650 ..Saum
1925 3600 2046 3670 cap.
2061 3606 2124 3670 4.
2735 3659 2749 3674 Ο
2783 3659 2797 3674 ,

415 3663 661 3731 Ennius
688 3667 891 3747 euim,
931 3668 1042 3734 nifi
1070 3669 1172 3733 cui
1199 3669 1439 3736 videtur
1472 3670 1630 3734 iuter
1656 3669 1895 3736 nostrae
1937 3670 2144 3735 aetatis
2176 3664 2493 3749 politiores
2530 3661 2836 3731 mundma
2872 3675 2965 3722 re·

240 3771 247 3778 ·
328 3747 672 3830 spuendus.
2271 3784 2276 3789 ·

414 3854 424 3862 ·
1352 3834 1514 3897 Idem
1543 3834 1638 3899 lib.
1655 3837 1715 3898 6.
1730 3851 1855 3922 cap.
1875 3853 1931 3920 3.
2752 3905 2768 3922 ·
2924 3904 2941 3918 ,

422 3908 651 3977 Nemo
683 3932 755 3977 ex
786 3915 906 3980 hoc
933 3917 1084 3981 viles
1116 3930 1287 3998 putet
1312 3934 1545 3985 veteres
1579 3920 1826 4000 poe'taS,
1881 3915 2057 3998 quod
2091 3913 2299 3977 versus
2330 3928 2552 3977 eorum
2582 3907 2769 3972 scabri
2796 3906 2973 4001 nobis

336 3993 654 4058 videntur.
694 3994 808 4062 Ille
838 3999 1005 4063 enirn
1034 4000 1215 4081 stylus
1245 3997 1509 4065 Enniani
1546 4001 1771 4065 saeculi
1800 4001 2045 4063 auribus
2078 3996 2247 4061 solus
2284 3996 2603 4075 placebat;
2664 3987 2722 4050 ἃ
2755 3986 2864 4050 dm
2891 3989 2979 4049 la-

337 4076 586 4144 boravit
622 4093 782 4145 aetas
813 4081 1107 4164 sequuta,
1149 4096 1219 4147 ut
1245 4083 1437 4169 magis
1469 4084 1612 4148 huic
1644 4083 1928 4204 τηεῐῐῐηιοτί
1967 4082 2119 4164 stylo
2147 4077 2654 4158 acquiesceretur.
2821 4146 2984 4212 Idm,

1770 4207 1906 4247 ιιι*
